3254 5211
1026 411 1486 479 MONITUM
1539 411 1967 477 LECTORI.
2521 407 2598 475 xi

390 602 495 677 καὶ
523 603 830 698 μηνύσεως
881 601 1069 691 αὐτῆς
1110 600 1254 699 πρός
1298 601 1553 674 Λυσίαν·
1612 602 1670 673 ἐν
1704 594 1746 700 ᾧ
1783 600 1872 673 ὅτι
1906 599 2311 697 παρεπέμφθη
2346 601 2375 670 o‘
2412 606 2597 671 Παῦ-

391 746 496 811 λος
560 737 643 829 τῷ
708 725 957 825 ἡγεμόνι
1014 727 1101 809 εἷς
1154 729 1534 825 Καισάρειαν
1582 727 1750 820 μετὰ
1803 731 2179 821 στρατιωτῶν
2235 721 2340 794 καὶ
2396 753 2602 819 γραμ-

385 857 608 948 μάτων.

489 978 603 1050 λε’.
664 976 1019 1073 Τερτύλλου
1066 973 1201 1073 περὶ
1257 973 1512 1047 Παύλου
1567 970 1955 1070 κατηγορίας,
1992 968 2094 1043 καὶ
2148 980 2329 1044 αὐτοῦ
2378 971 2602 1043 ἀπολο-

386 1101 531 1198 γίας
565 1100 663 1175 ἐπὶ
696 1110 800 1174 τοῦ
833 1100 1117 1197 ἡγεμόνος
1155 1100 1339 1196 (Sic).

488 1224 597 1300 λς]
643 1222 805 1322 Περὶ
837 1234 946 1311 τῆς
980 1226 1251 1312 Φήλικος
1284 1222 1568 1317 διαδοχῆς
1613 1219 1715 1292 καὶ
1748 1229 1859 1309 τῆς
1893 1221 2144 1308 Φήστου
2175 1229 2602 1316 προσαγωγῆς,

386 1359 499 1438 τῆς
532 1382 601 1422 τε
638 1348 729 1422 ἔπ’
767 1346 955 1420 αὗτῶν
989 1345 1350 1446 ἀνακρίσεως
1383 1346 1643 1419 Παύλου
1677 1342 1781 1418 καὶ
1814 1344 2118 1437 ἀφέσεως.

490 1472 611 1562 λζ’.
671 1471 991 1573 Ἀγρίππου
1037 1469 1138 1545 καὶ
1186 1470 1470 1568 Βερνίκης
1512 1470 1833 1567 παρουσία,
1870 1468 1972 1541 καὶ
2014 1477 2228 1551 πεῦσις
2279 1478 2388 1541 τῶν
2438 1471 2599 1541 κατὰ

389 1598 665 1670 Παύλου·
744 1597 802 1670 ε’ν
855 1591 897 1694 ᾧ
950 1595 1254 1690 ἀπολογία
1307 1593 1563 1666 Παύλου
1606 1591 1703 1665 ε’πῖ
1755 1591 2077 1690 Ἀγρίππου
2132 1591 2234 1664 καὶ
2289 1594 2598 1692 Βερνίκης,

386 1721 520 1819 περὶ
564 1731 675 1811 τῆς
719 1722 776 1795 ἔν
817 1720 970 1819 νόμῳ
1020 1717 1339 1817 θρησκείας
1385 1718 1568 1791 αὐτοῦ
1613 1715 1718 1790 καὶ
1763 1720 2039 1807 κλήσεως
2090 1718 2176 1798 εἷς
2210 1716 2279 1788 τὸ
2318 1717 2599 1813 Εύαγγέ-

387 1863 535 1919 λιον.
594 1846 669 1927 ὦς
724 1845 883 1917 οὐδὲν
933 1844 1138 1916 ἀδικεῖ
1176 1841 1491 1923 Ἰουδαίους
1535 1844 1562 1914 ὅ
1604 1849 1864 1922 Παῦλος
1917 1837 2246 1937 Ἀγρίππας
2299 1854 2460 1934 φησι
2512 1851 2597 1941 τῷ

386 1974 638 2069 Φήστῳ.

485 2094 607 2185 λη’.
684 2101 898 2176 Πλοῧς
952 2095 1209 2168 Παύλου
1263 2093 1360 2167 ε’πῖ
1410 2093 1664 2187 Ῥώμην,
1718 2094 1974 2166 κινδύνων
2017 2096 2318 2167 πλείστων
2371 2126 2439 2165 τε
2492 2093 2597 2165 καὶ

384 2216 693 2315 μεγίστων
745 2224 1100 2314 vaip-vtum·
1181 2221 1238 2293 ἓν
1292 2214 1334 2318 {5
1383 2220 1731 2318 παραίνεσις
1786 2221 2045 2292 Παύλου
2104 2218 2246 2318 πρός
2297 2220 2435 2301 τοὺς
2488 2219 2596 2291 σὺν

381 2346 544 2443 αύτῷ
593 2340 730 2442 περί
775 2345 1020 2427 ἐλπίδος
1074 2344 1395 2444 σωτηρίας.
1471 2349 1747 2440 ναυάγιον
1783 2345 2063 2431 Παύλου,
2099 2343 2249 2425 ὅπως
2284 2378 2353 2416 τε
2388 2342 2595 2415 διεσῶ-

390 2477 576 2557 θησαν
611 2470 695 2550 εἷς
733 2469 1011 2557 Μελίτην
1044 2469 1150 2556 τὴν
1184 2479 1373 2557 νῆσον,
1409 2467 1511 2541 καὶ
1548 2468 1663 2541 ὅσα
1702 2502 1772 2541 τε
1809 2469 1866 2541 ἔν
1899 2469 2057 2565 αὗτῇ
2104 2468 2589 2562 ε’θαυματούργει.

486 2590 596 2665 λθ’.
631 2590 850 2674 ‘'Omn-
900 2591 1016 2665 ἀπὸ
1069 2592 1353 2683 Μελίτης
1412 2594 1498 2674 εἷς
1537 2592 1771 2687 Ῥώμην
1816 2593 2187 2679 κατήντησεν
2233 2594 2262 2662 ὅ
2317 2591 2591 2672 Παύλος.

383 2716 516 2815 περὶ
551 2717 868 2801 διαλέξεως
900 2717 1160 2789 Παύλου
1191 2715 1333 2811 πρὸς
1370 2715 1505 2797 τοὺς
1543 2717 1600 2788 ε’ν
1633 2714 1839 2815 Ῥώμῃ
1871 2713 2208 2794 Ἰουδαίους.

485 2845 825 2932 Κεφάλαια
863 2842 975 2936 μὲν
1008 2842 1089 2913 τὰ
1136 2839 1251 2912 ἔλα
1299 2874 1371 2935 μ..
1425 2841 1505 2910 τὰ
1556 2841 1618 2911 δὲ
1664 2838 1898 2920 τούτοις
1941 2835 2218 2932 ἑπόμενα,
2255 2834 2431 2910 ἅτινα
2480 2838 2592 2918 τὰς

390 2965 755 3059 σημειώσεις
790 2963 1000 3060 ἔχουσι
1037 2964 1137 3036 διὰ
1170 2972 1274 3037 τοῦ
1314 2960 1444 3059 ο>ἰ<
1495 2962 1624 3058 [ιη’.

484 3101 528 3132 “
560 3092 1092 3162 Asteriscorum
1126 3115 1340 3182 porro
1389 3092 1607 3186 hujus
1649 3092 1843 3161 modi
1890 3099 2080 3160 notae
2128 3091 2413 3182 penitus
2470 3091 2593 3161 ab·

381 3223 426 3255 “
459 3224 629 3285 sunt
663 3215 753 3285 ab
788 3215 921 3284 hoc
973 3215 1278 3296 Codice3
1342 3214 1511 3306 quia
1563 3213 1883 3283 asterisci
1938 3236 2115 3305 quos
2165 3212 2588 3303 Pamphilus

382 3347 428 3378 “
462 3339 673 3408 initio
707 3337 1201 3429 adscripserat,
1228 3337 1728 3408 Librariorum
1768 3337 2146 3408 oscitantia
2178 3346 2425 3427 postea
2471 3360 2590 3406 ex-

380 3473 425 3504 “
458 3464 840 3534 ciderant.'’

482 3587 642 3658 Hac
689 3587 1054 3678 Pamphili
1099 3587 1520 3678 praefatione
1564 3596 1637 3655 et
1683 3587 1998 3676 capitum
2052 3586 2587 3678 sectionumque

378 3711 626 3781 tabula
657 3722 847 3782 caret
877 3712 1119 3782 Codex
1147 3711 1601 3794 oxoniensis,
1622 3710 1797 3801 quia
1820 3712 2080 3780 desunt
2114 3710 2348 3800 prima
2373 3709 2582 3787 folia;

377 3836 502 3904 sed
537 3836 690 3929 ejus
724 3836 1061 3905 librarius
1096 3836 1174 3904 in
1208 3836 1365 3926 ipso
1400 3858 1608 3926 opere
1645 3835 1986 3904 sectiones
2014 3833 2350 3902 asterisco
2385 3843 2587 3902 nota-

378 3968 487 4029 tas
521 3959 853 4030 distinxit
887 3960 1117 4056 magis
1153 3969 1479 4029 accurate
1513 3981 1730 4050 quam
1770 3957 2271 4028 Coislinianus.
2371 3956 2584 4026 Caret

378 4081 594 4152 etiam
631 4083 874 4153 Codex
925 4093 1166 4153 noster
1199 4084 1485 4153 nomine
1533 4082 1843 4153 auctoris
1880 4082 2197 4162 Catenae,
2233 4080 2380 4172 qui,
2429 4090 2511 4149 ut
2547 4104 2584 4149 e

379 4204 767 4277 Parisiensi
807 4208 1170 4290 discimus,
1202 4208 1346 4277 fuit
1381 4208 1710 4277 Andreas
1747 4205 2155 4297 Presbyter,
2193 4205 2303 4273 vir
2347 4214 2430 4273 ut
2482 4204 2586 4272 vi-

372 4332 585 4401 detur
634 4333 988 4425 ejusmodi
1040 4333 1568 4403 commentariis
1620 4330 2194 4402 consarcinandis
2239 4328 2581 4398 exercita-

371 4463 513 4538 tus,
552 4452 724 4544 (vid.
766 4456 981 4527 Fabr.
1022 4456 1208 4526 Bibl.
1248 4455 1374 4527 Gr.
1412 4465 1463 4525 t.
1491 4455 1609 4526 vii.
1640 4478 1710 4545 p.
1751 4459 1948 4544 759.)
1999 4455 2118 4523 sed
2167 4452 2457 4521 incertae
2510 4459 2581 4519 et
