3254 5211
624 396 728 464 xii
1254 362 1714 461 MoNrrnM
1770 393 2196 460 LECTORI.

621 590 879 682 patriae
930 598 1003 659 et
1054 589 1292 662 aetatis
1313 584 1369 655 d.
1473 586 1851 678 Descripto
1896 609 2065 656 vero
2115 585 2513 658 oxoniensi
2548 587 2829 671 Codice,

623 716 868 784 sedulo
920 713 1165 784 curavi
1212 722 1299 783 ut
1333 711 1641 812 varietas
1691 710 2014 781 lectionis
2047 735 2087 781 e
2119 711 2304 781 libro
2339 711 2733 783 Parisiensi
2765 714 2832 783 ei

621 837 1180 931 adjungeretur3
1233 856 1407 904 usus
1443 836 1533 903 ad
1568 835 1763 903 hunc
1788 834 2023 915 finem,
2047 833 2378 928 diligenti
2414 857 2632 925 opera
2657 835 2834 906 Em-

621 961 928 1029 manuel.
967 958 1211 1028 Miller
1259 957 1511 1052 Regiae
1566 955 1915 1027 Biblioth.
1954 956 2184 1026 Paris.
2236 958 2583 1050 adjuncti,
2630 969 2704 1029 et
2755 960 2830 1028 in

621 1081 1068 1178 perlegendis
1130 1081 1255 1152 Gr.
1317 1081 1544 1151 codd.
1615 1080 2010 1171 plurimum
2064 1083 2371 1165 versati3
2446 1083 2636 1152 unde
2689 1107 2832 1154 non

621 1230 848 1298 pauca
905 1209 1244 1276 lemmata
1302 1205 1452 1274 suis
1513 1204 1924 1275 auctoribus
1980 1204 2486 1287 restituuntur,
2535 1215 2609 1275 et
2668 1207 2830 1290 alia,

620 1352 785 1420 quae
809 1332 1020 1420 plane
1047 1328 1381 1398 omiserat
1410 1327 1841 1399 Oxoniensis
1868 1328 2226 1412 librariUS,
2250 1331 2337 1399 de
2363 1329 2646 1425 integro
2672 1318 2833 1402 ebu-

621 1463 863 1523 untur.
923 1452 1439 1524 Praetermissae
1461 1461 1703 1523 autem
1724 1462 1896 1523 sunt
1917 1453 2414 1547 Chrysostomi
2437 1455 2830 1538 citationes,

621 1587 704 1645 ut
762 1599 927 1667 quae
991 1578 1080 1646 ad
1132 1578 1288 1669 jam
1349 1576 1543 1646 edita
1597 1579 2020 1669 plerumque
2069 1578 2498 1668 pertineant.
2605 1579 2831 1649 Porro

621 1703 1054 1772 monendum
1096 1710 1225 1785 est,
1260 1725 1375 1771 me
1411 1702 1648 1772 Sacrae
1685 1703 2078 1794 Scripturae
2114 1714 2416 1788 textum,
2451 1707 2578 1796 qui
2614 1706 2833 1777 Scho-

621 1830 881 1896 liorum
928 1822 995 1894 τὸ
1043 1823 1327 1917 κείμενον,
1365 1837 1448 1897 ut
1490 1836 1766 1909 vocant,
1803 1828 2113 1909 exhibet,
2160 1831 2249 1897 ad
2297 1829 2511 1898 fidem
2548 1830 2830 1900 Codicis

624 1952 1053 2022 Oxoniensis
1099 1975 1378 2043 semper
1429 1975 1767 2034 servasse,
1810 1953 1949 2022 nisi
2002 1954 2126 2021 ubi
2164 1954 2543 2024 manifesto
2594 1979 2831 2025 errore

622 2080 1048 2166 depravatus
1083 2085 1287 2145 esset.

720 2200 894 2270 Alio
928 2198 1287 2268 volumine
1336 2220 1505 2267 mox
1556 2207 1966 2288 sequentur,
2004 2196 2276 2266 Catena
2309 2198 2387 2266 in
2423 2198 2828 2271 catholicas

621 2323 1013 2412 Epistolas,
1048 2331 1119 2391 et
1172 2322 1249 2390 in
1294 2320 1784 2413 Apocalypsin
1834 2320 2353 2391 commentarii
2404 2321 2705 2393 Arethae
2757 2332 2826 2391 et

624 2444 1051 2516 OEcumenii.

708 2643 735 2685 d
767 2645 902 2702 Chr.
922 2643 1165 2701 Wolfius
1194 2644 1255 2700 in
1285 2640 1524 2701 Dissert.
1551 2643 1623 2701 de
1649 2645 1850 2702 Caten.
1879 2645 2028 2701 Patr.
2055 2665 2111 2721 p.
2135 2644 2229 2716 38.
2262 2641 2420 2700 illum
2451 2644 2521 2701 ad
2550 2666 2666 2702 xm
2701 2667 2827 2705 saec.

628 2744 733 2799 vid.
766 2741 968 2799 referre
986 2764 1001 2810 ;
1049 2743 1145 2800 sed
1178 2762 1295 2798 non
1325 2741 1546 2800 decimo
1565 2739 1857 2814 juniorem
1889 2760 2012 2798 esse
2051 2741 2256 2818 probat
2286 2742 2430 2798 Cod.
2461 2744 2633 2800 Coisl.
