3254 5211
629 351 758 412 442

654 487 753 535 Png.
794 487 888 526 Lin.

643 554 757 616 271
810 556 895 621 30
940 536 1094 621 τοῖς]
1127 558 1255 599 om.

639 638 763 704 272
860 642 886 684 1
936 626 1063 685 Τοῦ
1132 625 1305 704 ἁγίου
1363 622 1687 728 Βασιλείου

978 710 1158 788 ῥητοῦ
1276 732 1685 789 προκειμενου,

978 799 1101 860 τοῖς
1127 791 1327 855 εὖθέσι
1355 790 1567 872 πρέπει
1596 793 1684 855 αἵ-

984 903 1168 944 νεσις.
1218 875 1465 958 Ὠσπερ
1498 884 1685 939 κ.τ.λ.

852 981 890 1046 3
937 961 1295 1046 πρέποντος]
1349 961 1692 1044 πρέποντως

985 1047 1156 1128 (sic).

854 1136 893 1195 6
941 1132 1118 1218 ἄγος]
1167 1133 1347 1214 ἅγιος.

817 1237 889 1298 17
938 1223 1064 1282 Τοῦ
1095 1217 1331 1303 αὐτοῦ]

984 1307 1302 1383 σοστόμου.

640 1406 762 1472 273
860 1389 896 1451 8
942 1387 1334 1473 Ἀμμωνίου.]
1357 1388 1694 1469 Ἀμμωνίου

984 1473 1412 1556 πρεσβυτέρου.

814 1580 896 1640 24
938 1566 1062 1624 Τοῦ
1084 1563 1282 1625 αὐτοῦ.
1330 1562 1578 1624 Παύλου
1598 1563 1695 1638 δη-

985 1652 1404 1728 μηγοροῦντος,
1418 1644 1696 1709 Ἰουδαῖοι

982 1736 1095 1810 μὲν
1124 1732 1413 1798 πολλάκις
1450 1731 1692 1811 κατεγέ-

982 1825 1128 1891 λων,
1164 1820 1219 1880 οἱ
1261 1823 1554 1895 δεσμῶται
1587 1843 1690 1894 με·

983 1906 1057 1965 τὰ
1076 1906 1306 1979 πολλῆς
1326 1905 1694 1981 ἐπηκροῶντο

982 1993 1083 2065 τῆς
1093 1989 1362 2069 ἡσυχίας·
1384 1989 1557 2050 οὐδὲν
1579 1991 1695 2067 γὰρ

983 2074 1157 2135 οὐδὲν
1187 2075 1366 2138 οὕτως
1408 2074 1490 2138 εἰς
1520 2081 1695 2154 φιλο-

985 2161 1211 2239 σοφίαν
1235 2159 1567 2235 ἐπιτηδείαν
1593 2184 1692 2221 κα-

986 2242 1331 2319 τασκευάζει
1360 2245 1586 2325 ψυχὴν,
1618 2245 1696 2309 ὡς

986 2332 1267 2409 συμφορὰ
1313 2330 1407 2391 καὶ
1450 2355 1693 2409 πειρασ-

984 2415 1114 2491 μὸς,
1165 2415 1259 2476 καὶ
1311 2417 1521 2495 θλίψις
1566 2417 1692 2477 ἐπι-

990 2498 1247 2577 κειμένη.

646 2603 770 2667 274
859 2588 896 2648 6
943 2590 1067 2648 Τοῦ
1099 2582 1331 2668 αὖτοῦ.]
1363 2608 1484 2647 om.

821 2672 895 2733 18
947 2672 1066 2732 Καὶ
1094 2671 1218 2751 μετ’
1253 2673 1462 2754 ὀλίγα]
1497 2693 1617 2734 om.

818 2775 900 2835 24
941 2754 1333 2840 Ἀμμωνίου.]
1358 2756 1696 2837 Ἀμμωνίου

985 2840 1414 2922 πρεσβυτέρου.

820 2927 899 2987 26
947 2925 1237 3010 Σευήρου]
1252 2929 1510 3007 Σευήρου
1531 2930 1697 3010 ἁρχι-

991 3010 1316 3076 επισκόπου
1363 3011 1691 3097 Ἀντιοχεί-

991 3124 1075 3163 ας.

819 3200 901 3263 29
948 3184 1052 3245 τὸν
1086 3183 1332 3268 Κύριον]
1366 3185 1469 3246 τὸν
1498 3208 1618 3246 om.

949 3269 1211 3353 ἔκραξα·]
1268 3268 1421 3333 ἐκέκ.

648 3368 721 3430 27
729 3370 768 3433 5
859 3372 903 3430 4
947 3355 1497 3440 φευγαδευτήριον·]
1554 3364 1695 3436 φευ-

992 3440 1386 3521 γαδευτέριον.

649 3523 771 3600 276
861 3542 901 3601 9
947 3530 1069 3585 Τοῦ
1131 3531 1243 3604 xp.
1323 3523 1497 3586 Ἀλλ’
1559 3526 1695 3587 οὐδὲ

990 3613 1156 3669 τοῦτο
1187 3616 1348 3671 ποιεῖ
1374 3613 1582 3687 δεσμὰ,
1619 3612 1697 3675 ὡς

989 3693 1123 3757 τοὺς
1144 3694 1437 3770 δήσαντας
1462 3696 1546 3759 εἰς
1565 3694 1698 3761 τοὺς

989 3775 1173 3841 πόδας
1197 3780 1365 3858 ἄγειν
1392 3784 1509 3841 τῶν
1533 3785 1694 3842 δεδε-

990 3861 1205 3938 μένων,
1239 3865 1403 3925 ἆλλᾶ
1448 3867 1694 3928 τούναν-

990 3949 1117 4009 τίον
1153 3949 1518 4029 ὑποχειρίους
1561 3953 1692 4013 τού-

993 4059 1127 4098 τους
1192 4036 1432 4096 ἐκείιων
1480 4043 1693 4098 ποιεῖν.

991 4125 1098 4181 νῦν
1145 4122 1208 4182 δὲ
1261 4122 1293 4181 ὁ
1343 4119 1694 4197 λελυμένος,

989 4204 1103 4266 ὑπὸ
1128 4206 1260 4270 τοὺς
1290 4207 1473 4271 πόδας
1498 4206 1570 4282 ἢν
1593 4212 1695 4268 τοῦ

994 4288 1331 4368 δεδεμένου·
1407 4292 1439 4351 ὁ
1514 4290 1697 4369 δήσας

988 4375 1152 4450 ἠξίου
1182 4376 1285 4436 τὸν
1317 4374 1563 4437 δεθέντα
1593 4385 1696 4438 λυ-

988 4463 1160 4535 θῆναι
1190 4466 1292 4522 τοῦ
1317 4464 1534 4540 φόβου,
1563 4463 1696 4544 οὐχὶ

1377 1223 1501 1282 Τοῦ
1532 1224 1689 1300 Χρυ-

1200 352 1684 415 VARIETAS
1734 350 2251 416 LECTIONIS

1878 514 1888 526 .
1935 485 2028 525 Lin.

1789 485 1874 535 Q
2116 536 2194 598 σὺ
2249 534 2482 614 ἔδησας,
2525 531 2653 597 εἶπέ
2702 555 2830 614 μοι·

2119 621 2254 703 οὐχὶ
2284 624 2367 687 εἰς
2386 619 2497 699 τὴν
2526 618 2838 700 ἐσωτέραν

2121 706 2342 785 ἔβαλες
2370 705 2668 786 φυλακὴν,
2692 704 2839 787 οὐχὶ

2115 794 2197 858 εἰς
2214 791 2282 854 τὸ
2301 793 2486 869 ξύλον
2501 791 2839 872 ἠσφαλίσω

2117 878 2254 942 τοὺς
2271 878 2476 948 πόδας;
2502 878 2565 939 τί
2576 873 2835 956 τρέμεις;

2119 963 2180 1024 τί
2194 965 2442 1042 θορυβῆ;
2467 963 2529 1025 τί
2541 962 2835 1041 δακρύειςς

2121 1050 2181 1111 τί
2220 1047 2288 1110 τὸ
2334 1049 2507 1128 ξίφος
2547 1045 2836 1118 {endam

2116 1131 2252 1197 οὐδέ
2258 1159 2332 1197 να
2342 1137 2610 1195 τοιοῦτον
2621 1132 2835 1211 ἔδησα,

2122 1219 2330 1300 φησὶν,
2362 1218 2468 1282 οὐκ
2524 1217 2689 1296 ἥδειν
2736 1219 2838 1279 ὅτι

2122 1305 2378 1382 τοσαύτῃ
2408 1309 2528 1367 τῶν
2555 1308 2658 1366 τοῦ
2688 1308 2839 1384 Χρι-

2122 1394 2268 1453 στοῦ
2299 1390 2559 1468 δεσμίων
2587 1389 2623 1468 ἡ
2652 1391 2837 1452 δύνα-

2123 1502 2238 1554 μις.

1781 1562 1905 1643 276
1957 1562 2033 1625 18
2077 1558 2472 1644 Ἀμμωνίου.]
2496 1558 2841 1639 Ἀμμωνίου

2121 1644 2557 1728 πρεσβυτέρου.

1955 1752 2028 1798 21
2082 1731 2415 1814 δεσμώτας]
2466 1732 2779 1808 δεσμότας.

1956 1837 2032 1903 23
2082 1814 2593 1900 διαρρηχθείσας·]
2674 1820 2840 1896 διαρ-

2119 1902 2447 1986 ρηχθήσας.

1956 2008 2032 2070 27
2083 1986 2285 2073 ἄλλῳ]
2332 1990 2510 2051 ἄλλο.

1783 2093 1900 2157 277
2003 2094 2026 2135 Ι
2082 2071 2744 2156 ἇποπροσεποιήσαντο]
2761 2073 2838 2134 ἆ-

2121 2186 2295 2241 πεπρ.

1999 2264 2034 2310 2
2082 2242 2583 2329 ἆντεποιήσαντο]
2666 2245 2838 2308 ἅντε-

2125 2333 2403 2410 ποίησαν.

1994 2438 2038 2496 4
2084 2419 2186 2499 ἔω]
2226 2418 2429 2480 ἕωθεν.

1996 2523 2034 2586 5
2083 2503 2343 2584 Χριστὸς
2396 2499 2677 2585 ἔννυχος]
2739 2502 2837 2564 κύ-

2123 2614 2247 2670 ριος
2278 2588 2552 2670 ἔννυχον.

2083 2674 2200 2737 ἀπὸ
2230 2680 2334 2736 τοῦ
2361 2671 2535 2757 ᾅδου]
2583 2675 2645 2751 ἐξ
2670 2670 2833 2756 ᾅδου.

1960 2778 2038 2838 14
2084 2759 2193 2822 κᾶν
2222 2756 2584 2843 κενόδοξος,]
2634 2759 2729 2822 καὶ
2764 2759 2835 2821 ἆ-

2126 2847 2317 2908 κενόδ.

2082 2930 2299 3009 δήποτε
2345 2930 2573 3013 ἕτερον]
2632 2927 2831 3008 δήποτ’

2126 3017 2232 3078 οὖν
2263 3017 2484 3096 ἕτερον.

1963 3120 2035 3184 15
2085 3103 2290 3182 ἀρετῆς
2315 3099 2661 3186 ἐχόμενον,]
2696 3101 2834 3182 ἑχό-

2125 3212 2309 3264 μενον
2340 3188 2564 3265 ἆρετῆς.

1960 3291 2031 3336 21
2086 3273 2273 3354 Οὐδὲ]
2322 3276 2446 3334 Τοῦ
2486 3272 2832 3352 Χρυσοστό·

2128 3383 2261 3435 μον.
2309 3357 2486 3419 Οὐδὲ.

1953 3463 2028 3526 3ι
2077 3440 2836 3523 ΤοῦΧρυσοστόμου.]Τοῦ

2129 3554 2326 3590 αυτου.

1786 3612 1907 3693 278
1953 3633 2030 3696 31
2083 3610 2834 3696 ΤοῦΧρυσοστόμου.]Τοῦ

2127 3699 2320 3762 αὐτοῦ.

1786 3801 1906 3863 279
1996 3804 2035 3866 5
2074 3781 2240 3866 Ἵνα]
2276 3782 2415 3846 Ἵνα
2445 3785 2529 3845 δὲ.

1958 3888 1990 3929 2
1996 3888 2036 3951 5
2081 3867 2468 3950 Ἀμμωνίου.]
2496 3867 2831 3946 Ἀμμωνίου

2125 3953 2554 4033 πρεσβυτέρου.

1959 4038 2036 4099 28
2087 4036 2332 4120 αὐτοῖς]
2384 4039 2610 4102 αὐτούς.

1788 4122 1909 4186 280
2002 4139 2033 4203 7
2082 4121 2835 4206 ΤοῦΧρυσοστόμου.]Τοῦ

2127 4210 2322 4271 αὐτοῦ.

1954 4313 1990 4375 3
2010 4313 2031 4354 t
2083 4291 2471 4375 Ἀμμωνίου.]
2496 4291 2832 4371 Ἀμμωνίου

2126 4377 2554 4458 πρεσβυτέρου.

1783 4464 1899 4527 281
1962 4483 2026 4526 11
2081 4468 2204 4525 Τοῦ
2236 4463 2462 4549 αὐτοῦ]
2495 4484 2617 4524 om.
