3254 5211
1041 367 1249 431 COD.
1300 365 1596 430 COISL.
1641 365 1871 430 XXV.
2393 369 2522 437 449

339 502 437 550 vag.
472 502 566 541 mn.

310 571 443 636 390
531 573 570 635 9
618 550 744 636 καὶ]
779 552 1041 616 καὶτῶν.

617 635 840 722 αὐτῶν]
874 638 1066 701 αὐτῶν
1091 638 1221 705 εἷς
1191 642 1362 717 ημᾶς.

494 741 569 785 10
615 721 1115 832 καταστήσομεν]
1194 748 1367 787 κατα-

659 807 996 886 στήσωμεν.

490 913 514 955 1
534 912 558 953 1
612 891 891 977 Παῦλος]
924 895 957 955 ὁ
989 896 1255 959 Παῦλος.

488 997 562 1061 13
610 978 895 1085 πατέρας]
931 1004 1079 1062 πρσ.

487 1083 568 1143 14
611 1062 749 1147 τὴν]
781 1070 901 1127 τῶν
927 1064 1219 1146 πατέρων.

484 1167 560 1231 23
606 1150 762 1255 Τοῦ]
795 1155 919 1212 Τοῦ
949 1154 1121 1233 ἁγίου
1146 1158 1212 1214 ιῶ
1232 1154 1354 1214 τοῦ.

303 1252 427 1316 391
489 1252 560 1316 17
606 1232 961 1313 ’.Αμμωνίου
974 1234 999 1319 ]
1033 1259 1159 1298 om.

487 1320 562 1381 18
611 1317 1088 1427 ε’μμαινόμενος,]
1152 1323 1356 1399 ἐμμαι-

655 1402 921 1483 νόμενος,
942 1407 1057 1469 ὑπὸ
1088 1410 1202 1487 γὰρ
1232 1413 1355 1469 δια-

651 1494 904 1569 βολικῆς
927 1493 1233 1573 ἐνεργείας
1265 1492 1360 1555 καὶ

654 1574 948 1654 δαιμόνων
991 1579 1078 1644 οἷς
1108 1603 1357 1659 στρατη-

651 1662 1036 1741 λατούμενος.

483 1764 562 1828 29
607 1750 734 1809 Τοῦ
762 1746 991 1832 αὐτοῦ]
1021 1746 1359 1828 Ἀμμωνίου

649 1832 1077 1942 πρεσβυτέρου.

301 1933 431 2001 392
520 1936 564 1995 4
610 1915 735 1998 και]
772 1943 866 1979 και
896 1942 987 1979 το.

485 2021 562 2063 10
605 2003 757 2085 Τοῦ]
801 2007 927 2108 Τοῦ
957 2006 1130 2086 ἁγίου
1158 2001 1358 2065 Ἰωάν-

650 2111 755 2149 νου
784 2112 908 2150 του.

483 2172 562 2233 16
605 2170 1216 2280 ΤοῦΧρυσοστόμου.]
1234 2178 1359 2236 Τοῦ

651 2283 852 2319 αυτου.

482 2343 559 2405 28
605 2346 729 2404 Τοῦ
758 2343 982 2424 αὐτοῦ]
1028 2348 1153 2405 Τοῦ
1185 2346 1356 2424 ἁγίου

651 2433 717 2488 ιῶ
744 2432 846 2489 τοῦ
877 2433 989 2508 Χρ.

475 2531 554 2596 31
604 2508 987 2596 Ἀμμωνίου]
1016 2511 1355 2593 Ἀμμωνίου

605 2681 619 2705 ,
647 2598 1074 2679 πρεσβυτέρου.

304 2702 429 2768 393
526 2705 554 2747 1
605 2683 975 2831 δΑγρίππαν]
1007 2684 1326 2767 Ἀγρίππα.

516 2788 562 2849 4
642 2776 699 2832 εἳ
767 2771 857 2848 δὴ.

518 2873 557 2937 5
608 2856 702 2917 καὶ
770 2856 865 2918 καὶ
893 2854 954 2918 ἃ.

604 2940 907 3025 οὐράνου·]
933 2942 1183 3022 οὐρανοῦ
1208 2944 1355 3004 κατὰ

647 3029 960 3090 ὀπτασίαν.
994 3029 1251 3090 ὀπτασία
1270 3030 1351 3089 δὲ.

522 3127 555 3192 7
608 3111 834 3194 σαρκὶ,]
870 3114 1043 3191 σαρκὶ
1073 3111 1178 3175 ὢν.

482 3216 556 3280 13
603 3198 755 3279 Τοῦ]
797 3202 922 3259 Τοῦ
950 3199 1120 3279 ἁγίου
1148 3196 1350 3260 Ἰωάν-

653 3308 757 3344 νου
788 3287 907 3344 τοῦ.

481 3385 563 3447 24
605 3365 760 3451 Τοῦ]
794 3373 917 3429 Τοῦ
942 3369 1113 3447 ἁγίου
1138 3375 1204 3428 ιῶ
1232 3372 1350 3429 τοῦ.

477 3469 552 3533 27
593 3451 763 3560 ”9τι]
813 3451 883 3529 ἐξ
924 3452 1350 3532 ἆνεπιγράφου.

667 3543 800 3600 Οτι.

304 3641 433 3707 394
521 3640 558 3684 2
605 3624 797 3707 ἀλλὰ]
833 3625 994 3686 ἀλλὰ
1025 3625 1140 3685 καὶ.

518 3730 557 3792 9
601 3708 1040 3793 μαθητεύσατε]
1065 3713 1350 3787 μαθητεῦ-

649 3818 755 3854 σαι
782 3792 959 3854 πάντ.

482 3896 561 3940 10
607 3876 925 3960 εἶληφασι]
962 3877 1139 3954 ἐξειλ.

483 3982 559 4027 12
606 3988 686 4024 τω
753 3987 841 4023 το.

483 4068 556 4131 13
607 3962 841 4130 φω]τὸς]
869 4052 1015 4128 φῶς.

485 4153 557 4215 15
605 4134 741 4213 περὶ
793 4132 1062 4197 Μωσέως
1106 4134 1138 4193 ὁ
1185 4137 1350 4194 Παῦ-

649 4219 810 4303 λος,]
860 4220 892 4279 ὁ
935 4222 1178 4282 Παῦλος
1221 4219 1353 4297 περὶ

652 4302 944 4367 Μωσέως.

1478 502 1536 542 Pa
1612 503 1707 546 Isin.

1452 515 1585 636 392·
1636 574 1712 637 19
1757 550 2057 637 παρέχον]
2089 553 2390 636 παρέχων·

1626 657 1706 703 22
1753 641 2004 723 Μωσῆς]
2043 643 2328 717 Μωυσῆς.

1621 742 1706 808 32
1751 729 1877 787 Τοῦ
1888 727 2333 805 Χρυσοστόμου.
2340 725 2503 812 ]Τοῦ

1794 810 1965 891 ἁγίου
1996 816 2083 872 ιῶ.

1447 912 1530 976 39
1532 908 1572 977 5
1667 910 1703 974 7
1749 896 2330 975 ΤοῦΧρυσοστόμου.
2337 893 2500 980 ]Τοῦ

1796 980 1995 1042 αὐτοῦ.

1621 1081 1705 1127 20
1747 1069 1872 1127 Τοῦ
1903 1063 2132 1148 αὐτοῦ]
2163 1063 2499 1144 Ἀμμωνίου

1792 1149 2223 1229 πρεσβυτέρου.

1621 1253 1702 1300 22
1749 1234 2165 1320 ὧμολόγει.]ο
2132 1261 2228 1314 ομ.

1620 1338 1705 1399 24
1749 1321 1940 1402 οὗτος]
1979 1322 2179 1385 οὕτως.

1622 1424 1701 1490 25
1748 1408 1781 1468 ὁ
1814 1406 1976 1471 Θεὸς
2003 1407 2278 1514 ποιῆσαι]
2323 1431 2492 1484 ποιη·

1790 1516 1894 1553 σαι
1924 1492 1956 1552 ὁ
1989 1491 2169 1556 Θεὸς.

1614 1594 1701 1660 30
1747 1574 2027 1660 δευτέρῳ]
2061 1575 2344 1659 προτέρῳ.

1443 1661 1572 1745 396
1658 1680 1696 1744 3
1745 1665 1872 1723 Τοῦ
1901 1660 2132 1745 αὐτοῦ]
2165 1684 2291 1726 om.

1619 1764 1695 1827 27
1743 1745 2492 1831 ΤοῦΧρυσοστόμου.]οιῐι.

1441 1849 1565 1915 397
1623 1852 1700 1895 10
1743 1832 1898 1917 Τοῦ]
1935 1837 2060 1895 Τοῦ
2090 1834 2261 1913 ἁγίου
2288 1830 2492 1895 Ἰωάν-

1792 1942 1895 1980 νου
1924 1942 2045 1980 του.

1441 2001 1567 2084 398
1624 2020 1695 2085 13
1744 2007 1867 2064 Τοῦ
1899 2001 2132 2087 αὗτοῦ.]
2170 2006 2294 2064 Τοῦ
2324 2003 2497 2083 ἁγίου

1786 2094 1854 2149 ιῶ
1882 2092 1987 2150 τοῦ
2017 2089 2465 2168 Χρυσοστόμου.

1617 2190 1690 2235 21
1742 2173 2354 2255 ΤοῦΧρυσοστόμου.]
2369 2177 2495 2235 Τοῦ

1788 2257 1986 2320 αὐτοῦ.

1617 2358 1694 2422 27
1737 2340 2128 2426 Ἀμμωνίου.]
2160 2340 2494 2420 Ἀμμωνίου

1783 2427 2210 2508 πρεσβυτέρου.

1616 2530 1695 2594 29
1745 2512 2155 2597 εἷσαγούσης,]
2232 2513 2488 2593 ἀγαγού-

1785 2624 1915 2676 σης.

1438 2704 1566 2767 399
1621 2704 1699 2762 14
1745 2683 1985 2763 ἑαυτῆς]
2023 2686 2268 2749 ἑαυτοῖς.

1622 2771 1695 2831 18
1742 2771 1901 2852 μὲν,]
1943 2767 2008 2831 ὦ.

1618 2857 1698 2917 26
1742 2853 2131 2939 Ἀμμωνίου]
2155 2853 2491 2933 Ἀμμωνίου

1783 2940 2216 3019 πρεσβυτέρου.

1439 3043 1568 3102 400
1658 3044 1700 3102 4
1743 3026 2351 3108 ΤοῦΧρυσοστόμου.]
2369 3029 2492 3085 Τοῦ

1788 3136 1988 3172 αυτου.

1658 3215 1694 3275 9
1743 3194 2191 3280 ἐπιλάθωνται,]
2245 3194 2490 3257 ἐπιλάι·-

1787 3285 2021 3344 θωνται.

1618 3382 1696 3427 22
1741 3370 1866 3427 Τοῦ
1897 3367 2091 3428 αὐτοῦ.
2098 3366 2123 3448 ]
2157 3370 2281 3427 Τοῦ
2309 3372 2424 3445 Χρ.

1440 3468 1559 3528 401
1665 3470 1685 3511 1
1738 3450 1894 3555 Τοῦ]
1928 3456 2052 3513 Τοῦ
2082 3452 2253 3530 ἁγίου
2276 3460 2340 3512 ιῶ
2368 3456 2486 3512 τοῦ.

1622 3555 1695 3617 19
1738 3533 2170 3618 Ἀμμωνίουᾞ]
2177 3538 2491 3615 Αμμωνίου

1783 3620 2212 3701 πρεσβυτερου.

1617 3722 1698 3784 24
1744 3706 2046 3791 ὁριζούση]
2081 3708 2372 3786 ὁρίζουσα.

1614 3807 1693 3871 27
1742 3792 2130 3873 ἁπολέσθαι,]
2153 3792 2492 3853 ἀπολέσθαι

1787 3875 1951 3958 εἶχεν
1973 3877 2049 3939 ἂν
2075 3877 2167 3939 καὶ
2191 3879 2222 3937 ὁ
2248 3882 2492 3941 Παῦλος

1787 3962 2145 4024 ἀπολέσθαι.

1611 4065 1697 4127 30
1741 4046 1876 4109 οὐδὲ
1946 4046 2089 4130 μὲν]
2172 4044 2492 4123 οὖδεμένον

1819 4156 1902 4194 suc

1608 4234 1647 4297 3
1653 4232 1692 4298 5
1740 4133 2110 4299 ἁὲπάσας]“
2084 4214 2354 4296 ἁρπάσας
2385 4216 2486 4277 αὐ-

1783 4304 1906 4365 τὸν.

484 4389 557 4451 18
603 4386 1031 4471 Ἀμμωνίου]
1039 4398 1259 4468 Αμμωι
1249 4388 1352 4450 ίου
1437 4403 1564 4464 402
1653 4405 1690 4468 3
1741 4388 2235 4468 θαυματουργίας]
2266 4391 2487 4463 θαυμα-

649 4472 1080 4553 πρεσβυτέρου.

1781 4497 1880 4534 του
1882 4472 2127 4553 ργήσας

1517 4575 1642 4637 3Μ
