3254 5211
993 393 1197 459 COD.
1248 395 1541 459 COISL.
1592 395 1823 459 XXV.
2377 398 2505 466 439

298 529 428 662 2¹²3}
473 529 570 663 3¹6
603 578 768 664 τοὺς]
816 580 952 645 τοὺς
981 579 1256 661 πατέρας.

298 683 429 749 230
481 686 559 813 :⁴6
603 663 1086 835 ξὲῃτεῗῗξμῗένοι]
1121 774 1244 815 om.

478 854 555 901 22
601 838 794 945 θείου]
843 842 1002 900 θεοῦ.

475 925 557 988 26
601 921 835 1032 Ἰησοῦ]
882 929 1161 1004 Χριστοῦ

478 1027 556 1093 29
605 1006 898 1096 ἑκφόβος]
948 1012 1013 1072 ἐκ
1043 1008 1264 1090 φόβου.

471 1114 547 1178 31
598 1096 792 1201 παρὰ]
840 1097 991 1176 περὶ.

300 1199 418 1265 231
481 1196 555 1265 15
598 1179 1031 1329 Αμμωνίου.]’
1038 1184 1354 1262 Αμμωνίου

644 1266 1073 1348 πρεσβυτέρου.

484 1370 553 1435 17
604 1354 958 1436 ἆρχεκάκου]
1015 1353 1322 1461 ἇρχαικάκ.

472 1460 552 1524 33
601 1445 723 1501 Τοῦ
736 1436 1185 1519 Χρυσοστόμου.
1190 1442 1356 1523 ]Τοῦ

645 1526 838 1588 αὐτοῦ.

304 1629 426 1695 232
481 1625 553 1692 17
601 1616 725 1673 Τοῦ
737 1609 1182 1690 Χρυσοστόμου.
1193 1611 1354 1696 ]Τοῦ

645 1698 842 1761 αὐτοῦ.

477 1800 555 1847 22
601 1781 957 1861 ’.Αμμωνίου
966 1781 992 1868 ]
1015 1782 1353 1861 Ἀμμωνίου

641 1867 1075 1948 πρεσβυτέρου.

303 1973 423 2037 233
517 1956 552 2017 8
597 1952 1179 2034 ΤοῦΧρυσοστόμου.
1186 1955 1352 2037 ]Τοῦ

643 2040 839 2104 αὐτοῦ.

475 2143 546 2188 21
600 2122 686 2208 οἱ]
721 2148 844 2187 om.

601 2211 926 2295 φεύγουσι]
976 2214 1264 2293 φεύγωσι.

475 2315 555 2359 22
601 2295 840 2380 αὐτοὺς]
890 2299 1106 2362 αὐτοῖς.

474 2385 554 2445 26
598 2381 960 2489 Ἀρειανοις]
1006 2381 1325 2463 Ἀριανοῖς

304 2487 427 2552 234
480 2488 547 2530 11
599 2465 716 2550 H]
777 2466 1113 2547 Ἀμμωνίου
1162 2494 1349 2549 πρεσ·

642 2553 792 2631 βυτέ
791 2579 917 2634 ρου.
965 2552 1070 2617 ‘H.

480 2659 552 2723 13
605 2641 672 2702 ἐν
702 2639 960 2725 καρδίᾳ,]
1012 2641 1307 2722 έγκαρδία.

305 2742 424 2809 235
517 2742 550 2806 7
602 2726 827 2809 αὐτοῦ]
884 2727 1062 2789 αὐτοῦ
1090 2728 1294 2790 πάλιν.

480 2830 552 2894 13
600 2810 988 2895 Ἀμμωνίου.]
1016 2812 1354 2892 Ἀμμωνίου

644 2897 1075 2978 πρεσβυτέρου.

480 2999 551 3063 17
602 2980 951 3067 ὠνόμασαν]
1001 2983 1169 3064 ὀνόμ.

484 3087 555 3148 19
603 3071 802 3152 τοῦτο]
854 3074 1105 3134 τοιοῦτο.

603 3153 697 3235 ὃν]
753 3154 824 3217 ὃν
854 3158 929 3217 οἱ.

471 3260 547 3322 31
605 3243 686 3306 εἰς
717 3240 850 3322 τὴν]
903 3243 966 3303 ἐκ
998 3246 1116 3319 τῆς.

603 3328 915 3406 ἑρμηνείαν
935 3324 1144 3411 λόγος]
1184 3330 1352 3408 ἑρμη-

645 3414 807 3477 νείας
835 3410 1044 3495 λόγου.

305 3500 424 3581 236
476 3515 551 3581 23
603 3499 924 3578 Κυρίλλου.
934 3499 957 3581 ]
1014 3502 1138 3560 Τοῦ
1180 3501 1351 3579 ἁγίου

646 3585 894 3663 Κυρίλλ.
913 3586 1135 3662 ἆλεξαι·
1138 3586 1347 3665 δρείας.

471 3688 559 3751 34
604 3670 951 3753 ἐγγράφοις]
1007 3670 1319 3751 ἀγράφοις.

470 3772 553 3838 35
600 3753 699 3838 τὸ]
749 3757 813 3816 δὲ
844 3756 929 3817 τὸ.

308 3858 421 3923 237
512 3859 552 3925 3
602 3840 723 3921 καὶ]
777 3842 871 3903 καὶ
903 3843 989 3902 ἐν.

473 3944 554 4005 24
599 3924 936 4004 Ἀμμωνίου
1016 3924 1347 4005 πρεσβυτέ-

642 4037 769 4091 ρου.
848 4012 1056 4089 Γνώμη
1092 4014 1210 4073 ἰδία
1240 4019 1352 4091 φη-

642 4098 744 4159 σὶν
781 4099 812 4158 6
846 4095 977 4162 θεὸς
1005 4095 1203 4177 λόγος.
1252 4097 1351 4159 ὅτε

645 4182 946 4260 ἐβουλήθη
974 4183 1207 4245 εὐδοκία
1235 4208 1347 4245 πα-

641 4268 777 4349 τρὸς
861 4269 1167 4349 ἐσαρκώθη
1246 4268 1351 4330 τὸν

641 4360 873 4435 πρῶτον
902 4353 1124 4437 χρόνον
1155 4359 1350 4417 διαλο-

641 4442 858 4520 γισμὸν
890 4440 961 4503 ὃν
991 4440 1163 4507 αὐτὸς
1191 4441 1350 4503 οἶδεν

644 4530 789 4588 κατὰ
810 4527 915 4603 τὴν
940 4529 1223 4608 ἐπωφελῆ
1251 4528 1351 4589 αὗ-

1556 559 1567 570 .
1607 530 1702 570 mn.

1468 530 1553 580 Peg
1785 586 1890 644 τοῦ
1908 580 2003 643 καὶ
2014 580 2361 662 φιλάγαθον
2381 585 2502 663 κρί-

1786 688 1906 729 σιν·
1955 667 2350 750 συγχωρήσας
2378 673 2502 734 τοῖς

1789 752 2120 833 ἀνθρώποις
2193 755 2501 818 δουλεύειν

1788 839 1884 901 καὶ
1947 844 2307 918 προσκυνεῖν
2377 847 2501 906 τοῖς

1792 925 2076 990 εἰδωλοις.

1444 1008 1566 1092 238
1662 1025 1694 1091 7
1742 1008 1964 1116 τούτῳ]
2014 1015 2208 1073 τοῦτο.

1659 1115 1698 1177 9
1742 1094 2129 1180 ’.Αμμωνίου]
2160 1094 2499 1176 Ἀμμωνίου

1789 1182 2223 1264 πρεσβυτέρου.

1743 1268 1889 1373 τῶν]
1940 1271 2040 1352 τῷ.

1443 1369 1566 1435 239
1624 1371 1699 1436 19
1744 1350 2175 1439 ’.Ἀμμωνίου]
2183 1356 2499 1434 Αμμωνίου

1784 1439 2213 1520 πρεσβυτέρου.

1613 1543 1652 1608 3
1670 1543 1692 1587 1
1747 1524 2222 1588 ἀκατάπαυστον·
2234 1525 2499 1606 ]ἆκατά-

1787 1633 2075 1673 παυστον·
2170 1613 2264 1676 καὶ
2338 1615 2497 1690 λύπη

1794 1698 2070 1775 ἐπιλύπη.

1445 1800 1569 1861 240
1623 1800 1696 1865 15
1738 1779 2134 1867 Ἀμμωνίου]
2160 1780 2498 1862 Ἀμμωνίου

1787 1868 2215 1948 πρεσβυτέρου.

1618 1971 1699 2018 22
1747 1952 2180 2037 πιθανώτερον]
2249 1953 2494 2020 πιθανό-

1786 2064 1976 2119 τερον.

1444 2143 1559 2205 241
1658 2144 1696 2207 5
1746 2125 1898 2208 Οὐκ]
1951 2130 2074 2187 Τοῦ
2104 2126 2298 2189 αὐτοῦ.
2348 2128 2492 2189 Οὐκ.

1660 2231 1696 2293 9
1744 2210 1988 2293 πατρίᾳ]
2038 2212 2283 2294 πατρίῳ.

1444 2314 1564 2374 242
1660 2312 1693 2376 7
1740 2293 2132 2378 Ἀμμωνίου.]
2158 2295 2496 2378 Ἀμμωνίου

1787 2380 2222 2462 πρεσβυτέρου.

1620 2487 1646 2529 1
1665 2488 1690 2529 1
1745 2466 2249 2574 καταχρηστικῶς]
2315 2494 2492 2532 κατα-

1784 2552 2126 2635 χρηστικὸν.

1443 2659 1561 2724 243
1618 2655 1693 2723 15
1740 2644 1863 2701 Τοῦ
1902 2637 2133 2747 αὐτοῦ]
2179 2644 2304 2702 Τοῦ
2335 2645 2490 2721 Χρυ-

1787 2722 2108 2803 σοστόμου.

1617 2812 1699 2874 26
1743 2809 2129 2893 ’.Αμμωνίου]
2157 2809 2494 2888 Ἀμμωνίου

1784 2895 2215 2977 πρεσβυτέρου.

1443 2999 1568 3060 244
1656 3001 1695 3065 5
1746 2981 2256 3064 συμπεριέλαβον]
2341 3007 2490 3062 συμ-

1786 3067 2172 3149 περιέλαβεν.

1616 3171 1695 3216 22
1742 3152 2494 3237 Ἀμμωνίου.]Ἀμμωνιου

1783 3239 2210 3320 πρεσβυτέρου.

1615 3342 1697 3404 24
1742 3325 2137 3421 διὰ.λόγων,]
2208 3329 2494 3405 διαλογον

1816 3434 1898 3473 Slc
1936 3462 1950 3474 .

1616 3515 1691 3576 27
1743 3414 2143 3579 οίκονὶιμικῆς]
2206 3498 2495 3574 οἰκονομι-

1784 3607 1986 3659 ασκης.

1616 3669 1694 3730 28
1740 3665 1776 3745 ἢ
1822 3666 2045 3750 ἄλλου]
2098 3664 2134 3745 ἦ
2183 3666 2342 3734 τινὸς
2386 3668 2494 3730 ἄλ-

1786 3761 1920 3817 λου.

1742 3839 2136 3922 ζητηθέντος]
2186 3839 2438 3903 -θούτος,

1442 3943 1561 4006 245
1662 3944 1689 3986 1
1743 3927 1836 4007 δὴ]
1876 3948 2000 3987 om.

1657 4028 1693 4073 2
1741 4008 2177 4093 ἐρωτήσοντας]
2274 4011 2490 4089 ἐρωτή-

1786 4122 2016 4162 σοντος.

1617 4202 1691 4266 15
1737 4179 2170 4263 Ἀμμωνίου.’]
2179 4184 2493 4260 Αμμωνίου

1782 4266 2213 4348 πρεσβυτέρου.

1614 4373 1690 4417 22
1740 4353 1938 4436 θήλυ·]
2010 4352 2178 4430 θηλυ·
2246 4352 2351 4414 οὐκ
2404 4352 2493 4415 ἔνι

1784 4437 2053 4504 δοῦλος
2023 4466 2058 4517 η
2091 4438 2418 4516 ἐλεύθερος.

1611 4544 1697 4609 34
1742 4527 1838 4590 καὶ
1869 4526 2051 4609 ἑξῆς]
2107 4524 2201 4586 καὶ
2232 4525 2307 4585 τὰ
2340 4523 2487 4601 ἑξῆς.
