3254 5211
1021 387 1228 451 COD.
1281 387 1579 452 COISL.
1630 387 1863 453 XXV.
2414 389 2537 454 441

345 573 474 649 264
505 520 603 636 26
646 568 952 678 αὖθεντίᾳ]
1000 570 1329 657 αὐθεντείᾳ.

346 657 467 739 265
556 675 596 741 3
644 661 769 718 Του
798 681 995 720 αυτου.
1075 661 1201 721 Τοῦ
1231 663 1343 739 Χρ.

521 761 590 805 11
642 654 1074 828 Ἀμμωνίου.’]
1059 740 1395 823 Ἀμμωνίου

685 827 1114 909 πρεσβυτέρου.

344 912 468 974 266
558 911 595 972 8
642 913 935 998 ποταμὸν]
988 920 1271 993 ποταμοῦ.

517 998 596 1060 16
640 1003 764 1060 Τοῦ
775 1002 1223 1079 Χρυσοστόμου.
1231 999 1394 1086 ]Τοῦ

684 1084 887 1146 αὐτοῦ.

509 1186 590 1251 31
638 1165 1032 1256 Ἀμμωνίου]
1057 1169 1394 1251 Ἀμμωνίου

681 1255 1114 1336 πρεσβυτέρου.

341 1340 461 1421 267
518 1356 592 1403 12
641 1340 795 1424 ἐπεὶ]
850 1341 1071 1420 ἐπειδὴ.

516 1444 590 1509 13
643 1426 937 1509 ἐναργῶν]
990 1430 1265 1511 ἐνεργῶν.

521 1513 597 1573 16
646 1513 764 1595 καὶ]
817 1512 915 1575 καὶ
944 1514 1034 1591 τῇ.

640 1599 1013 1704 γενόμενος’]
1056 1602 1387 1680 γινόμενος.

512 1700 595 1746 20
640 1680 806 1746 θέλει
835 1684 948 1767 τις]
998 1709 1086 1749 τις
1116 1683 1300 1748 θέλει.

508 1787 595 1850 30
639 1773 893 1847 Σκοπεῖ]
987 1774 1114 1833 Τοῦ
1187 1772 1387 1835 αὐτοῦ.

681 1858 923 1918 Σκοπεΐ.

339 1938 460 2002 268
506 1957 589 2022 32
636 1943 737 2018 τῆς
781 1937 838 2002 α’
873 1943 957 2005 εἷς
999 1941 1133 2007 τοὺς
1173 1946 1384 2022 Κοριν-

681 2026 866 2109 θίους]
893 2030 995 2104 τῆς
1018 2030 1100 2093 εἷς
1117 2027 1388 2109 τὴνπρῶ-

678 2136 786 2189 την
814 2110 964 2192 πρὸς
994 2118 1140 2192 Κορ.

339 2195 460 2277 269
514 2212 587 2276 17
636 2199 953 2279 τοιοῦτον,]
1004 2204 1251 2262 τοιοῦτο.

510 2299 589 2344 20
632 2280 944 2365 πειστέον]
994 2282 1307 2346 πευστέον.

511 2384 583 2429 21
637 2366 727 2446 τί]
772 2368 880 2429 ὅτι.

510 2452 590 2513 26
634 2452 933 2534 μαντίαν,]
986 2454 1289 2531 μαντείαν.

511 2536 588 2597 28
637 2537 737 2621 ὡς]
792 2539 994 2601 ὅθεν“
964 2565 1059 2604 ως.

637 2625 956 2733 Πυθωνίῳ]
1006 2627 1268 2689 Πύθωνι.

504 2727 593 2791 34
636 2708 1103 2815 πιστευθέντες,]
1149 2736 1386 2774 πιστευ-

679 2793 901 2868 θέντες,
928 2797 1005 2861 ὧς
1026 2797 1211 2860 πάλιν
1241 2798 1387 2875 ἀλη-

678 2881 972 2946 θεύοντες.

337 2981 462 3048 270
513 2984 581 3028 11
634 2967 671 3045 ἡ
703 2968 1014 3050 Πυθία,]’
986 2994 1023 3046 η
1045 2968 1244 3031 Πυθία
1274 2977 1386 3049 φη-

677 3077 793 3114 σιν.

509 3155 586 3198 12
629 3134 981 3221 Ἀπόλλων]
997 3138 1380 3202 Ἀπόλλωνὸ.

512 3223 585 3285 18
635 3223 1043 3307 ἀπήγγελλεν]
1105 3225 1384 3305 ἀπήγγει-

676 3316 807 3371 λεν.

508 3411 586 3457 22
635 3395 831 3477 ὁρᾶν]
882 3396 1054 3474 ὁρῶν.

506 3496 583 3560 25
634 3479 768 3560 ἐὰν]
824 3482 931 3541 ἐὰν
961 3480 1178 3547 αὐτοῖς.

634 3563 1097 3649 ἀπολλυμένων]
1189 3568 1379 3630 ἀπολ-

675 3649 1032 3727 λοιμμένων.

507 3750 581 3811 27
635 3734 915 3818 εὔκολον]
965 3738 1241 3799 εὔκωλον.

509 3836 586 3897 29
634 3818 731 3901 ὃν]
784 3819 839 3881 ὃ.

501 3923 589 3988 34
631 3910 801 3966 τοῦτο
830 3904 976 3987 γὰρ]
1024 3906 1091 3967 τὸ
1122 3910 1256 3987 γὰρ.

335 4006 451 4070 271
546 4010 590 4068 4
633 3986 786 4071 τοῖς]
835 3996 957 4055 τοῖς
988 3993 1090 4056 εἷς.

633 4074 809 4136 αὐτοῦ
839 4073 944 4157 ἦν]
993 4075 1066 4153 ἦν
1100 4076 1296 4138 αὐτοῦ.

513 4177 586 4223 12
627 4162 1380 4243 ΤοῦΧρυσοστόμου.]Τοῦ

676 4245 853 4307 αὐτοῦ
941 4245 1005 4307 id
1094 4260 1187 4307 est
1277 4252 1381 4308 τοῦ

676 4335 782 4410 Χρ.
806 4352 1076 4414 namque
1100 4332 1382 4416 sequitur

675 4415 865 4478 schol.
914 4438 973 4500 p.
1012 4435 1155 4499 270.
1198 4423 1380 4497 γνῶθι

675 4507 886 4581 σαφῶς
927 4505 1036 4564 διο.

1578 4605 1690 4667 31.

1485 522 1720 655 θείω
1656 590 1741 652 24
1785 571 2058 654 Σεβήρου
2086 572 2234 659 ἀπὸ]
2274 573 2536 682 Σευήρου

1827 657 2321 741 ἀρχιεπισκόπου’
2332 664 2540 723 Αντιο-

1826 746 2020 826 χείας
2096 745 2370 824 Κινηθεὶς
2438 746 2537 809 καὶ

1828 829 2083 913 δηχθεὶς,
2161 831 2257 894 καὶ
2341 831 2536 909 ἀληθῆ

1825 913 2135 996 λέγουσαν
2146 916 2537 995 ἐπιστομίσας

1828 1001 2029 1079 αὐτην,
2051 1000 2392 1065 διδάσκων’
2363 1006 2531 1081 ημᾶς,

1825 1088 1971 1165 μηδὲ
2000 1090 2068 1165 τῇ
2111 1088 2361 1172 ἀληθείᾳ
2390 1112 2533 1151 συν-

1822 1177 2063 1252 ηγορεῖν
2102 1171 2537 1253 προσποιουμέ-

1831 1281 1965 1323 νους
2000 1254 2286 1339 δέχεσθαι
2328 1261 2531 1338 δαίμο-

1827 1364 1953 1407 νας·
2004 1344 2168 1405 ἀλλὰ
2196 1348 2400 1407 πᾶσαν
2429 1346 2531 1408 αὗ-

1828 1432 1954 1493 τοῖς
1974 1429 2365 1511 ἀποτειχίζειν
2381 1429 2536 1494 πλά-

1827 1538 1931 1591 νης
1998 1513 2158 1586 ὁδὸν,
2223 1515 2317 1577 καὶ
2383 1518 2531 1579 ἀπο-

1826 1597 2112 1679 φράττειν
2133 1599 2279 1679 πρὸς
2300 1603 2375 1663 τὰ
2394 1600 2530 1681 παρ’

1823 1685 2016 1748 αὐτῶν
2043 1684 2237 1747 πάντα
2266 1686 2374 1763 τὴν
2396 1686 2533 1749 ἀκο-

1823 1769 1916 1846 ὴν·
1946 1768 2533 1852 ”διαπονηθεὶς”γᾶρ

1824 1856 2015 1934 φησὶν
2039 1858 2124 1918 ”ὀ
2152 1855 2533 1929 Παῦλος,”τὸ

1823 1941 1888 2003 δὲ
1911 1950 1950 1973 “
1972 1940 2403 2019 διαπονηθεὶς,”
2427 1967 2537 2020 ση-·

1820 2027 2019 2104 μαίνει
2036 2025 2103 2088 τὸ
2116 2030 2418 2104 κινηθῆναι
2428 2027 2532 2090 τὸν

1824 2116 2077 2174 Παῦλον
2123 2113 2219 2175 καὶ
2260 2112 2405 2191 πρὸς
2443 2115 2527 2175 δί-

1822 2221 1990 2259 καιον
2019 2201 2405 2275 διαναστῆναι
2435 2202 2533 2261 θυ-

1819 2279 1950 2359 μόν.
2002 2286 2096 2344 δεῖ
2121 2285 2236 2362 γὰρ
2266 2283 2531 2360 μάλιστα

1820 2368 2210 2430 κολακεύουσι
2239 2374 2364 2433 τοῖς
2400 2371 2524 2431 δαί-

1819 2476 1981 2528 μοσι,
2009 2452 2104 2514 καὶ
2133 2456 2206 2515 τὰ
2229 2453 2375 2534 πρὸς
2396 2454 2531 2532 ἡδο-

1822 2537 1932 2615 νὴν
1951 2534 2221 2620 λέγουσι,
2241 2542 2530 2622 χαλεπαί-

1821 2647 1948 2686 νειν
1973 2625 2067 2687 καὶ
2090 2627 2524 2699 ἐναντιοῦσθαι,

1821 2710 1914 2771 καὶ
1926 2709 2411 2773 ἀντανίστασθαι·
2433 2714 2529 2774 διὰ

1819 2799 1991 2856 τοῦτο
2027 2796 2123 2857 καὶ
2163 2794 2253 2858 ἐπ’
2286 2799 2529 2859 ἐκείνων

1818 2878 2034 2960 νήφειν
2077 2881 2383 2960 προσήκει,
2433 2883 2528 2946 καὶ

1817 2966 2067 3046 φεύγειν
2111 2969 2344 3046 μακρὰν
2393 2967 2527 3034 τοὺς

1817 3050 2378 3131 ἐπαγγελλομένους
2425 3054 2523 3114 νό-

1818 3161 1962 3202 σους
1987 3136 2229 3199 ἐπάδειν
2256 3135 2292 3215 ἢ
2319 3137 2524 3200 ἕλκεσι

1820 3221 1914 3283 καὶ
1962 3227 2082 3284 τῶν
2131 3221 2446 3304 τραχήλων
2488 3221 2525 3300 ἢ

1816 3311 1934 3368 τῶν
1969 3309 2316 3389 βραχιόνων
2350 3305 2385 3385 ἢ
2417 3309 2525 3370 ἄλ-

1813 3397 1925 3454 λου
1971 3391 2190 3471 μέλους
2234 3391 2520 3469 ἐξάπτον-

1815 3501 1916 3541 τος
1958 3481 2031 3539 τὰ
2068 3479 2371 3557 λεγόμενα
2405 3486 2520 3558 φυ-

1815 3562 2119 3642 λακτήρια,
2142 3562 2251 3625 κάν
2276 3565 2525 3642 εὐσεβὲς

1817 3647 1927 3731 ἔχῃ
1958 3648 2025 3709 τὸ
2054 3652 2392 3729 πρόσχημα.
2417 3649 2524 3728 μή·

1815 3734 2306 3814 ποτε,θεράπειαν
2329 3736 2517 3814 ἐπιζη-

1807 3821 2521 3900 τοῦντεςσῶματος,προσ-

1807 3904 2522 3985 αρρωστήσωμεντὴνψυ-

1813 3989 1948 4071 χὴν,
1978 3991 2041 4051 ἐκ
2080 3996 2199 4051 τῶν
2242 3991 2521 4052 τοιούτων

1817 4076 2215 4153 εὐπροσῶπων
2295 4077 2513 4146 αἰτιῶν,

1813 4163 1883 4238 τῇ
1914 4161 2113 4244 πλανῇ
2161 4165 2277 4221 τῶν
2316 4162 2518 4236 δαιμό-

1814 4270 1951 4315 νων,
1983 4244 2248 4322 βάσιμον
2286 4251 2520 4307 ποιοῦν-

1813 4355 1909 4395 τες
1938 4330 2047 4406 τὴν
2078 4333 2331 4391 εἴσοδον.

1769 4413 1875 4492 Ἐξ
1908 4413 2337 4495 ἀνεπιγράφου.
2383 4414 2519 4491 Ἐξ-

1812 4498 2004 4578 έβαλε
2016 4500 2083 4561 τὸ
2101 4506 2328 4578 πνεῦμα
2349 4510 2515 4563 κ.τ.λ.
