3254 5211
665 807 1305 888 VARIETAS

1394 805 2100 888 LECTIONIS

974 1019 1177 1081 COD.
1228 1018 1527 1080 COISL.
1577 1017 1810 1080 XXV.

1164 1231 1603 1264 ‹-—-*-—-—0

281 1387 387 1435 Pag.
435 1388 526 1426 Lin.

338 1457 363 1498 1
460 1451 498 1519 5
550 1438 581 1496 ὁ
612 1435 753 1518 ὑπὸ]
806 1439 966 1516 πρός.

467 1523 501 1584 8
550 1522 707 1605 περὶ]
760 1523 900 1602 περί
924 1547 1010 1585 τε.

426 1629 493 1669 11
550 1607 652 1689 ὡς]
705 1608 836 1669 ὅσα.

428 1714 502 1776 ¹5
551 1694 654 1779 γὲ]
703 1696 785 1754 τὲ.

331 1797 373 1863 5
425 1795 500 1855 27
553 1777 760 1861 αὐτοῦ]
795 1802 917 1841 om.

425 1883 504 1946 29
550 1865 763 1947 ἥττων]
814 1866 1013 1942 ἧττον.

422 1969 507 2034 30
555 1949 797 2033 ἑαυτὸν]
847 1950 1046 2012 αὐτὸν.

337 2036 373 2098 8
468 2051 501 2116 7
550 2035 1041 2115 περιεργάζεσθαι
1098 2037 1337 2119 χρῆναι]

596 2126 811 2202 χρῆναι
834 2123 1343 2202 περιεργάζεσθαι.

298 2227 376 2269 10
431 2226 504 2289 19
552 2207 1047 2291 προελάμβανον]
1165 2234 1345 2286 προε-

596 2293 930 2372 λάμβανεν.

428 2399 509 2457 24
551 2385 675 2441 Τοῦ
726 2380 925 2440 αὐτοῦ.
964 2375 1153 2460 ‘'Opa]
1225 2383 1350 2440 Τοῦ

610 2465 721 2535 X.
764 2462 943 2543 ’'Apa.

424 2570 510 2633 30
553 2553 679 2611 Τοῦ
700 2551 1180 2632 Χρυσοστόμου.]
1226 2553 1351 2613 Τοῦ

602 2661 799 2698 avr-ov.

306 2742 377 2785 12
431 2739 499 2783 21
557 2723 805 2807 πρηνὴς]
855 2723 1080 2802 πρινής.

430 2824 505 2889 25
556 2810 867 2890 πρησθεὶς]
920 2809 1208 2887 πρισθείς.

423 2913 501 2975 31
554 2896 869 2975 τοσοῦτον]
921 2900 1209 2955 τοσοῦτον
1240 2895 1324 2953 τό.

305 3000 377 3061 15
434 3000 513 3056 14
550 2978 1346 3061 ἆναδεχθείς·]ἀναδειχθείς.

308 3067 382 3126 16
436 3082 508 3146 15
562 3065 951 3143 Σευηριανοῦ]
999 3066 1274 3145 Σευήρου.

556 3148 696 3233 Ἐν]
745 3149 856 3213 Ἐν
886 3156 977 3234 τῇ.

308 3254 376 3317 17
477 3255 503 3297 1
557 3236 662 3297 τὸν
716 3236 879 3298 οἶκον
937 3238 1137 3321 ὅλον,]
1205 3237 1352 3298 ὅλον

604 3322 707 3383 τὸν
737 3322 916 3384 οἶκον.

471 3429 507 3490 3
559 3409 869 3489 ὀφθεῖσαι]
924 3411 1207 3488 ὀφθῆσαι.

471 3497 507 3555 6
555 3494 764 3575 ἠχοῦς]
816 3496 982 3575 ἠχῆς.

436 3600 459 3639 1
482 3600 503 3639 1
560 3582 1005 3663 στομώσασας]
1038 3581 1348 3657 στομώσα-

600 3691 739 3726 σοιν.

437 3770 507 3831 15
556 3749 911 3833 Ἰσιὸώρου.]
1047 3748 1351 3828 Ἰσιὸώρου

603 3842 876 3911 ΙΙηλουσ.
927 3839 989 3912 ἐξ
1038 3838 1352 3911 ἐπιστολῆς

603 3920 749 3981 υλὸ’.

436 4024 505 4065 21
561 4006 898 4086 ὃιάφορον·]
956 4007 1242 4069 διάνοιαν.

436 4110 512 4153 22
560 4094 711 4173 ταῖς]
768 4099 906 4156 τοῖς.

435 4196 516 4255 24
558 4175 894 4262 Ἰωάννου]
998 4182 1122 4240 Τοῦ
1196 4184 1341 4257 Χρυ-

605 4266 923 4341 σοστόμου.

429 4369 503 4431 31
559 4355 681 4409 Τοῦ
716 4351 1185 4433 Χρυσοστόμου.]
1233 4353 1356 4411 Τοῦ

606 4435 802 4495 αὐτοῦ.

320 4520 382 4580 18
474 4540 515 4596 4
566 4521 704 4601 Καὶ]
742 4543 866 4583 om.

1435 1386 1532 1499 ἐξ
1564 1387 1659 1515 11ἰέ
1695 1436 1916 1522 Σχόλ.]
1968 1439 2253 1520 Σχόλιον.

1572 1542 1644 1606 15
1692 1525 1975 1606 γλῶσσα]
2027 1530 2325 1604 γλῶσσαι.

1571 1629 1647 1690 19
1699 1610 2053 1688 Κυρίλλου.]
2133 1614 2259 1672 Τοῦ
2319 1611 2489 1687 ἁγίου

1742 1696 2041 1775 Κυρίλλου
2075 1697 2140 1757 ἐκ
2174 1699 2276 1773 τῆς
2314 1698 2486 1774 ἑρμη-

1741 1804 1902 1869 νείας
1921 1808 2020 1881 τῆς
2043 1805 2186 1884 πρὸς
2206 1779 2389 1884 Κοριν
2413 1804 2487 1868 α’.

1741 1891 2010 1951 ἐπιστολ.
2046 1891 2227 1968 τόμον
2255 1888 2342 1968 β’.

1569 1991 1648 2038 22
1696 1980 1818 2039 τοῖς
1858 1977 1993 2037 τότε
2037 1975 2168 2057 τὴν]
2223 1980 2345 2040 τοῖς
2390 2001 2487 2038 το-

1738 2061 1846 2137 τὴν
1880 2060 2014 2142 (sic)
2050 2110 2205 2123 ......
2244 2061 2420 2138 τὴν..

1737 2149 2053 2227 χυρίζεται.

1571 2232 1647 2315 23
1698 2230 1833 2294 ἀλλ’
1868 2233 1972 2315 ὣς]
2024 2255 2149 2294 om.
2198 2231 2304 2294 sed
2351 2256 2490 2318 spa-

1743 2317 1919 2378 tium.

1570 2403 1650 2467 26
1696 2405 2169 2487 πιστεύσουσιν·]
2247 2406 2486 2467 πιστεύ-

1742 2513 1933 2550 σωσιν
1979 2491 2046 2551 ἐν
2077 2538 2298 2553 ........
2332 2493 2486 2554 ἐδια-

1740 2576 1960 2654 φόρως.

1564 2680 1644 2743 31
1699 2662 1815 2722 Καὶ
1843 2658 1965 2738 μετ’
2001 2661 2211 2747 ὀλίγα]
2243 2685 2368 2725 om.

1696 2745 1827 2830 ὅτε]
1863 2748 1972 2809 ὅτι.

1444 2853 1517 2912 19
1607 2852 1646 2915 5
1697 2834 1797 2915 ὡς]
1851 2835 1962 2894 ὅτι.

1612 2934 1646 2999 7
1698 2917 2019 3004 συνίσταν]
2070 2921 2376 2983 συνίεσαν.

1576 3023 1649 3067 12
1697 3006 1788 3087 τε]
1843 3031 1920 3066 τι.

1574 3110 1645 3172 13
1697 3092 1804 3173 τῷ]
1856 3089 1941 3152 τὸ.

1576 3194 1647 3259 15
1697 3175 2295 3258 προουργιαιτάταις.]
2353 3203 2492 3257 προ-

1742 3261 2183 3341 ουργιαιτάτοις.

1572 3365 1647 3429 23
1698 3346 1775 3424 μή
1805 3350 1910 3430 τῳ]
1962 3348 2182 3425 μήπω.

1571 3436 1650 3493 26
1702 3433 1848 3512 ἐκεῖ]
1903 3434 2113 3494 ἐκεῖνο.

1572 3520 1649 3580 28
1699 3520 2063 3601 γινόμενον·]
2117 3520 2465 3599 γενόμενον.

1571 3623 1649 3686 29
1701 3605 2219 3685 συγκιρναμέιής·]
2259 3632 2494 3687 συγκρι-

1744 3690 2008 3766 νομένης.

1568 3796 1654 3858 30
1700 3775 2046 3859 περιωπῆς,]
2097 3783 2394 3855 περιοπῆς.

1568 3881 1649 3944 33
1701 3861 1962 3943 Λαζάρα]
2019 3863 2307 3941 Λαζάρου.

1444 3966 1524 4011 20
1610 3966 1654 4022 4
1701 3945 1983 4028 Σευηρου]
2041 3954 2415 4027 Σευηριανοῦ.

1580 4051 1650 4115 13
1701 4034 2215 4141 ὃιαμεριζόμεναι·]
2294 4041 2489 4112 διαμε-

1741 4118 2058 4195 pag-&pezan-
2149 4121 2251 4179 oie<
2329 4122 2416 4181 εῑπ
2430 4146 2495 4182 εν

1741 4206 2112 4283 μεριζόμεναι
2158 4207 2320 4266 ἀλλὰ
2367 4210 2488 4266 ὃια-

1741 4292 2127 4367 μεριζόμεναι.

1579 4394 1653 4454 19
1700 4373 1967 4454 πυρός-’Ἴ
2043 4373 2279 4455 πυρός·”
2343 4379 2500 4439 ὃιατί

1746 4463 1938 4538 πυρός.

1450 4564 1513 4607 21
1618 4563 1652 4607 2
1702 4549 1850 4627 τοῖς]
1904 4553 2048 4611 ταῖς.

1651 4648 1686 4711 3
1727 4651 1747 4690 1
