3254 5211
1017 408 1223 470 COD.
1277 408 1572 471 COISL.
1622 408 1850 470 XXV.

336 542 439 590 vag.
472 543 563 581 mn.

332 612 422 676 59
485 611 547 674 17
597 591 871 676 μᾶλλον]
918 592 1171 659 πάντως.

474 698 544 741 21
599 677 845 761 ἴδωμεν]
896 682 1160 758 εἴδωμεν.

601 763 696 848 ἐν]
748 767 814 827 ἐν
843 767 946 848 τῷ.

473 869 555 928 24
600 848 806 934 αὐτῆς]
859 851 1033 928 αὐτης
1062 851 1156 935 τῇ.

472 952 548 1016 27
596 934 1079 1019 λαμβανόμενοι]
1128 933 1395 1015 λαβόμε-

644 1048 756 1085 ν.οι

601 1106 807 1190 αὐτοῦ]
853 1108 1048 1185 αὐτῆς.

474 1193 551 1255 28
601 1192 949 1275 ἐνεργῆσαι]
996 1194 1393 1274 εὐεργετῆσαι.

469 1297 554 1361 30
598 1287 774 1360 χεῖρα
854 1284 1076 1360 χεῖρας.

471 1383 546 1444 31
603 1277 810 1446 αὐτοῦ]
862 1366 1054 1441 αὐτῆς.

2414 408 2541 474 429

1570 543 1705 583 ..Lin

1483 594 1565 655 66
1616 611 1696 677 29
1745 589 1851 675 ὡς]
1901 594 1977 657 ὡς
2006 594 2057 654 ὁ.

1613 696 1697 762 32
1743 675 2068 761 παύσεται]
2116 677 2433 755 παύσηται.

1484 764 1562 846 67
1662 784 1698 828 2
1745 761 1845 846 τὸ]
1893 766 1990 847 τῷ.

1659 851 1697 912 6
1742 854 1866 912 Τοῦ
1901 827 2106 931 ἁγίου]
2139 871 2264 911 om.

1745 934 1877 1018 τοῦ]
1928 939 2044 1012 τῆς.

1617 1036 1693 1101 27
1745 1019 1942 1105 ἐστιν]
1995 1023 2159 1082 ἐστιν
2189 1019 2281 1083 τὸ.

1612 1126 1699 1190 30
1747 1104 1973 1189 θηβην]
2024 1108 2210 1168 θέσιν.

1612 1212 1695 1277 33
1745 1192 1927 1253 αὐτὸν
1958 1192 2064 1275 ἂν]
2114 1192 2189 1254 ἂν
2224 1191 2425 1256 αὐτὸν.

1613 1299 1702 1362 34
1748 1276 2010 1364 Μωῦσῇ]
2061 1283 2331 1340 Μωυσεῖ.

1746 1343 1956 1446 σκιᾷ,]
1993 1365 2151 1445 σκιᾷ,
2185 1365 2220 1441 ἡ
2252 1362 2522 1442 ἀλήθεια.

343 1450 426 1512 60
475 1465 551 1529 27
607 1449 855 1533 Καλῶς]
883 1455 1006 1512 Τοῦ
1039 1456 1226 1529 Χρυσ.
1280 1455 1399 1511 Κα-
1486 1451 1567 1512 68
1663 1467 1697 1510 2
1747 1449 1810 1556 6]
1843 1471 1965 1510 om.

644 1541 781 1600 λῶς.

341 1622 418 1681 61
512 1639 550 1703 3
598 1619 782 1704 Ἀπὸ]
830 1626 954 1683 Τοῦ
988 1627 1173 1700 Χρυσ.
1218 1619 1392 1683 Ἀπὸ.

478 1724 554 1768 12
604 1705 1051 1789 Λουγδούνων.]
1122 1708 1398 1786 Λουγδῶ-

646 1818 768 1855 νου.

478 1895 549 1956 17
602 1876 739 1960 τὸν]
791 1882 893 1961 τῷ.

469 1981 551 2045 32
599 1961 996 2046 Ἀμμωνίου]
1057 1961 1396 2041 Ἀμμωνίου

643 2050 1076 2128 πρεσβυτέρου.

340 2133 421 2194 62
514 2155 551 2215 9
597 2132 932 2216 Ἀβραῖιμ,]
980 2133 1276 2213 (Αβραᾶμ.

597 2218 816 2286 Ἰακώβ)
846 2218 894 2302 ;]
961 2219 1182 2298 Ἰακώβ
1208 2248 1220 2290 ;

646 2313 767 2369 πῶς
796 2306 986 2385 λέγει·
1037 2308 1152 2385 ἐγώ
1203 2308 1318 2383 εἶμι
1365 2308 1395 2366 ὁ

644 2390 1071 2470 θεὸςἈβραέιμ
1091 2392 1185 2453 καὶ
1210 2393 1241 2450 ὁ
1264 2391 1397 2455 θεὸς

644 2474 850 2538 Ἰσαὰκ
894 2478 988 2539 καὶ
1033 2480 1064 2539 6
1110 2477 1243 2542 θεὸς
1272 2474 1392 2538 Ἰα-

647 2565 790 2641 κώβ.

476 2667 543 2709 21
604 2651 697 2711 καὶ
746 2648 870 2727 μεθ’
921 2650 988 2710 οὗ
1041 2649 1174 2713 τοὺς
1220 2650 1393 2727 οὐρα-

646 2735 811 2817 νοὺς]
838 2736 971 2800 τοὺς
994 2734 1277 2814 οὐρανοὺς
1303 2737 1396 2796 καὶ

646 2820 771 2899 μεθ
808 2822 894 2882 οῦ.

474 2922 551 2987 23
604 2906 836 2990 αὐτοῦ’]
888 2910 1125 2967 σαυτοῦ.

475 2993 553 3053 28
603 2993 787 3074 αὐτῷ]
838 2992 1036 3054 αὐτοῦ.

346 3079 421 3157 63
480 3079 554 3137 16
600 3084 725 3140 Τοῦ
756 3076 1235 3163 Χρυσοστόμου.]
1272 3101 1391 3139 om.

346 3163 429 3240 64
526 3183 549 3222 1
602 3166 838 3229 ταύταις
896 3170 1021 3228 ταῖς
1083 3166 1394 3241 θεοσημεί-

647 3249 765 3332 αις]
823 3250 1047 3313 τούτοις
1097 3257 1219 3315 τοῖς
1269 3256 1397 3312 θεο-

648 3338 928 3413 σημείοις.

516 3418 552 3479 8
602 3419 945 3503 ἄνθρωπον]
994 3422 1087 3483 καὶ
1116 3418 1374 3500 Ἰησοῦν.

482 3525 550 3587 13
599 3506 989 3589 Ἀμμωνίου]

644 3592 1072 3672 πρεσβυτέρου.

349 3678 421 3755 65
486 3696 550 3757 13
602 3679 776 3760 ὅταν]
829 3682 954 3740 ἐὰν.

350 3764 422 3821 66
480 3782 555 3821 10
602 3763 868 3844 χρόνων]
919 3762 1156 3844 χρόνον.

480 3867 550 3929 13
604 3849 802 3930 εἶπον]
855 3852 1047 3911 εἶπαν.

1303 2220 1398 2281 καὶ

602 3933 1034 4017 πεπλήρωται’]
1064 3935 1396 4015 πεπλήρον-

644 4046 756 4081 ται.

480 4120 550 4183 17
603 4104 1029 4188 ἑλευσόμενος]
1082 4106 1319 4167 εὐλευσ.

476 4209 547 4252 21
603 4190 1026 4275 σημαίνοντος]
1134 4195 1391 4269 συμβαί-

646 4303 867 4342 νοντος.

472 4380 555 4441 24
601 4365 735 4427 τοὺς
766 4361 942 4445 πρὸς]
992 4370 1094 4424 τοῦ
1128 4362 1382 4443 Πατρός.

603 4448 719 4531 ἔτι]
772 4451 919 4511 ἔστι.

477 4537 551 4596 26
601 4533 668 4600 ἃς
700 4534 884 4619 αὐτῷ]
935 4537 969 4596 ἃ
1004 4536 1217 4619 σαυτῷ.

1659 1553 1695 1618 3
1746 1534 1844 1616 το]
1879 1539 1978 1619 τῷ.

1656 1641 1695 1704 5
1747 1619 2109 1704 ἀνθρώποις]
2160 1624 2297 1683 θεοῦ
2322 1622 2544 1702 ἀνθρώ-

1789 1732 1944 1779 ποις,

1661 1807 1695 1873 7
1749 1789 2029 1874 ἑκεῖνος,]
2081 1794 2326 1863 ἐκεῖνος,
2363 1793 2460 1857 ὣς.

1743 1877 1944 1958 βρέφη
2008 1879 2229 1942 ἐκεῖνος
2289 1879 2539 1957 ἀναιρεῖ,

1786 1962 1986 2042 βρέφη
2033 1963 2277 2042 φονεύει
2317 1961 2539 2045 οὗτος]

1786 2047 1968 2127 βρέφ.
2020 2058 2161 2127 φον.
2217 2050 2299 2111 ε’κ.
2355 2048 2540 2129 βρέφ.

1789 2160 1912 2195 ουτ.
1948 2160 2082 2196 ανα.

1621 2238 1700 2280 10
1747 2219 1969 2301 οὗτος]
2037 2220 2223 2285 οὗτος·
2294 2222 2388 2281 διὰ
2437 2246 2542 2299 μη-

1789 2305 1920 2384 τρὸς
1983 2307 2228 2378 σώζεται
2298 2308 2538 2377 ἐκεῖνος,

1788 2394 1882 2452 διὰ
1926 2391 2140 2469 μητρὸς
2187 2393 2401 2468 ἐσώθη,
2446 2392 2542 2453 καὶ

1786 2481 1934 2553 μετὰ
1965 2476 2178 2555 μητρὸς
2209 2477 2393 2541 οὗτος.

1622 2581 1686 2623 11
1745 2560 2028 2645 λάρνακι]
2078 2562 2384 2642 λάρνακα.

1622 2668 1694 2731 15
1749 2648 1894 2731 Καὶ]
1930 2671 2055 2709 0111.

1619 2753 1697 2815 25
1748 2733 1960 2817 αὐτὸν]
2013 2735 2220 2796 αὐτῶν.

1618 2822 1696 2881 26
1748 2820 2068 2897 νομοθέτου
2100 2818 2311 2902 μόνος]
2363 2847 2534 2900 νομο·

1789 2908 2159 2984 θετούμενος.

1615 2991 1695 3054 28
1744 2990 2087 3075 προφήτην]
2136 2991 2445 3071 προφήτην
2475 2995 2538 3053 ὑ-

1785 3085 1906 3156 μῖν.

1484 3165 1564 3244 69
1659 3166 1695 3223 6
1743 3161 2084 3244 γινομένην·
2145 3161 2293 3246 τῶν]
2365 3191 2537 3245 γενο-

1785 3247 1989 3327 μένην·
2036 3248 2161 3310 τὸν.

1623 3356 1694 3416 19
1743 3332 2132 3417 τεταγμένος]
2191 3334 2539 3415 τεταγμένη.

1618 3438 1696 3482 22
1749 3419 2060 3502 Διὸυμου.]
2097 3442 2221 3480 0111.

1056 3507 1396 3585 Ἀμμωνίου
1487 3527 1565 3588 72
1621 3524 1693 3586 17
1742 3512 1864 3568 Τοῦ
1898 3504 2138 3673 αὐτοῦ.]]
2174 3512 2298 3567 Τοῦ
2331 3512 2443 3586 Χρ.

1613 3612 1692 3676 33
1744 3598 1868 3653 Τοῦ
1903 3618 2080 3654 αυτου
2187 3598 2309 3654 Τοῦ
2342 3599 2450 3671 Χρ.

1487 3694 1561 3763 73
1622 3698 1686 3739 11
1743 3684 1866 3739 Τοῦ
1899 3675 2132 3760 αὐτοῦ]
2181 3684 2303 3740 Τοῦ
2333 3684 2440 3756 Χρ.

1616 3781 1693 3846 25
1749 3762 2102 3846 Κυρίλλου.]
2181 3770 2307 3827 Τοῦ
2367 3767 2540 3844 ἁγίου

1792 3854 2112 3928 Κυρίλλου.

1485 3950 1567 4015 74
1664 3954 1687 3994 1
1743 3940 1865 3996 Τοῦ
1899 3933 2100 4017 ἁγίου]
2136 3958 2262 3996 0111.

1743 4018 2191 4102 Λουγὸούνων.]
2262 4025 2538 4102 Λουγὸώ-

1787 4132 1909 4168 νου.

1657 4193 1694 4254 6
1740 4197 1863 4253 Τοῦ
1895 4192 2354 4277 Χρυσοστόμου]
2388 4216 2510 4256 0111.

1620 4280 1692 4338 18
1743 4277 2056 4361 μετουσίᾳ]
2106 4281 2389 4363 μετουσίᾳ
2420 4285 2534 4357 τῆς.

1622 4385 1693 4445 19
1742 4364 1835 4446 δὲ]
1869 4386 1988 4423 om.

1487 4468 1517 4530 7
1525 4472 1563 4533 5
1669 4470 1687 4509 1
1744 4448 2017 4532 ὀνόματι]
2068 4451 2312 4528 ὀνόματι
2346 4456 2467 4512 τοῦ.

1663 4555 1692 4597 2
1741 4534 1981 4619 Ἀγίας]
2016 4557 2139 4596 0111.
