3254 5211
972 415 1180 480 COD.
1232 414 1531 479 COISL.
1583 414 1817 477 XXV.

295 551 394 600 Png.
422 550 516 591 Lin.

2364 415 2493 481 42¹7

1432 550 1609 599 Pnng

291 621 374 685 33
432 602 507 663 18
556 600 888 687 Θεοδότου]
911 602 1228 684 Θεοδώρου
1243 627 1349 682 μο-
1432 579 1533 685 39·
1571 560 1657 679 14
1693 603 1897 666 πίστιν
1926 601 2135 669 αὐτοὺς
2163 602 2485 688 ἀγάγωσι]

597 693 804 771 ναχοῦ.

425 789 505 836 20
553 773 623 837 δι’
647 775 858 858 ’,αὐτῶν
896 773 1042 857 τῶν]
1093 777 1189 839 διὰ
1230 778 1349 837 τῶν

592 882 730 921 των.

425 945 504 1009 28
550 930 1190 1029 ΤοῦΧρυσοοτόμου]
1224 949 1349 1008 Τοῦ

593 1034 765 1114 ἁγίου
796 1037 882 1095 ἷῶ.

290 1135 379 1200 34
425 1133 497 1180 21
554 1118 757 1202 αὐτὸν]
813 1119 1020 1181 αὐτῶν.

427 1221 504 1267 22
552 1204 919 1289 δέΧριστοῦ]
944 1204 1010 1266 δέ
1026 1229 1099 1284 γε
1118 1206 1345 1282 τοῦΧρ.

420 1307 499 1372 31
550 1288 1030 1375 μετειληφότες,]
1079 1296 1348 1369 μετειλη-

597 1376 793 1455 φότος.

423 1478 504 1544 33
554 1460 825 1548 πάντων]
871 1460 1113 1523 πάντων
1143 1465 1282 1523 τῶν.

554 1548 733 1629 ἐθῶν]
795 1550 1000 1610 ἐθνῶν.

421 1650 509 1715 34
553 1630 664 1716 τῷ]
713 1635 798 1696 τό.

291 1737 328 1800 3
334 1735 374 1801 5
463 1732 503 1800 5
549 1715 871 1805 Ἀγκύρας]
895 1715 1188 1799 Ἀγκύρας
1212 1741 1344 1797 πρε.

597 1805 663 1865 ἐκ
697 1809 819 1867 τοῦ.

467 1911 506 1972 9
552 1890 859 1970 τινόντων]
906 1890 1207 1952 τινύντῶν.

430 1995 506 2038 10
552 1973 718 2059 οὐδὲ]
768 1973 884 2037 οὐδ’
918 1975 1013 2037 ἄν.

427 2078 497 2124 21
554 2061 650 2123 καὶ
678 2060 782 2147 τὰ]
833 2061 929 2123 καὶ
960 2060 1057 2122 ἐπὶ
1087 2060 1176 2123 τά.

427 2165 507 2224 24
554 2144 648 2227 ἐφ’
670 2148 819 2225 ἡμᾶς
852 2144 1212 2231 ἐπαγαγεῖν]
1248 2147 1349 2208 ἐπ-

597 2237 850 2313 αγαγεῖν
881 2231 975 2313 ἐφ’
1002 2234 1173 2310 ἡμᾶς.

423 2336 506 2402 32
557 2319 903 2400 Κυρίλλου.]
982 2323 1107 2380 Τοῦ
1176 2319 1348 2399 ἁγίου

600 2404 921 2483 Κυρίλλου.

294 2489 378 2572 36
465 2508 502 2572 3
552 2488 1065 2596 περιερρήγνυτο]
1111 2513 1347 2569 περιεπ-

596 2600 833 2655 ηγνυτο.

464 2676 504 2744 5
555 2659 983 2746 συνενεγκὼν,]
1019 2661 1346 2742 συνεγκῶν.

469 2763 502 2828 7
555 2749 641 2829 αἱ]
680 2770 801 2809 om.

468 2833 504 2895 8
552 2833 1088 2919 μεταπεποιῆσθαι]
1170 2858 1346 2911 μετα-

596 2924 913 2981 ποιεῖσθαι.

432 3024 498 3065 11
555 3005 672 3087 ὅτι]
711 3006 800 3066 ὅτι
830 3005 912 3066 δέ.

429 3091 505 3152 18
552 3092 765 3173 τούτῳ]
815 3096 1007 3154 τοῦτο.

427 3194 506 3239 22
550 3175 693 3260 μὲν]
726 3199 848 3237 om.

292 3281 370 3346 37
464 3282 502 3346 3
554 3261 1045 3348 ἆστράπτοντος,]
1092 3263 1342 3342 ἀπαστρ.

465 3366 503 3431 5
556 3348 787 3433 ἐλθεῖν]
839 3350 1043 3410 ἐλθεῖν
1071 3347 1200 3425 τήν.

432 3451 499 3512 17
550 3437 885 3518 Ἀγκύρας]
938 3440 1220 3516 μοναχοῦ.

429 3523 505 3582 28
557 3523 637 3585 εἰς
665 3521 796 3602 τὸν]
835 3544 955 3582 om.

423 3624 498 3687 31
556 3608 814 3689 ἕλοιντο]
870 3607 1085 3668 ἕλοιτο.

294 3692 376 3775 38
433 3710 505 3771 17
553 3690 893 3774 Ἀγκύρας.]
945 3698 1229 3774 μοναχοῦ.

431 3796 510 3840 20
559 3778 1053 3860 καταλείμματος]
1171 3805 1340 3840 κατα·

596 3866 796 3939 λείμα.

295 3968 378 4031 39
476 3967 500 4008 1
553 3954 676 4010 Τοῦ
724 3949 895 4027 ἁγίου
924 3947 1339 4031 Ἀθανασίου.]

594 4031 963 4096 Ἀθανασίου
1057 4033 1344 4113 Ἀλεξαν-

597 4122 807 4199 ὃρείας.

472 4225 506 4268 2
553 4205 688 4290 τὸν]
723 4229 842 4267 om.

465 4310 503 4374 3
558 4293 726 4378 νοῦν]
779 4297 918 4355 νοῦν
948 4293 1111 4355 ποτέ.

468 4398 511 4455 4
555 4377 755 4462 ποτέ]
788 4400 907 4439 om.

434 4483 501 4523 11
558 4466 925 4546 ἀνθρώπινα]
1012 4466 1350 4544 ἀνθρώπινοι

597 4557 846 4629 πρῶτον.

1738 688 1916 750 αὐτοῦ
1944 689 2146 752 πίστιν
2175 689 2352 769 ἀνάγ.

1569 793 1645 855 19
1692 774 1838 859 τῶν]
1873 795 1997 838 om.

1566 877 1644 942 23
1693 858 2025 944 ὑπάρχων,]
2079 859 2370 942 ὑπάρχον.

1566 964 1651 1023 24
1693 945 1926 1026 λέγειν]
1980 943 2188 1026 λέγην.

1570 1050 1648 1113 29
1694 1032 1844 1114 Τοῦ]
1886 1036 2012 1093 Τοῦ
2042 1034 2214 1112 ἁγίου
2246 1037 2311 1094 ῖῶ
2343 1036 2466 1094 τοῦ.

1430 1136 1518 1196 40
1570 1136 1648 1179 10
1695 1117 2204 1201 ἐκλαμβάνομεν,]
2267 1118 2484 1198 ἔκλαμ-

1731 1202 2024 1283 βάνομεν,
2088 1205 2237 1267 οὕτω
2303 1204 2489 1269 πάλιν

1736 1291 1883 1351 ὅταν
1922 1292 1955 1351 ὁ
1999 1290 2262 1370 Χριστὸς
2304 1289 2485 1371 λέγη-

1737 1399 1832 1437 ται
1850 1374 2194 1454 τεθνηκέναι
2212 1377 2359 1457 ὑπὲρ
2370 1382 2488 1439 τῶν

1735 1461 2032 1541 ἁμαρτιῶν
2102 1462 2284 1540 ἡμῶν,
2354 1463 2490 1543 περὶ

1736 1550 1838 1624 Τῆς
1897 1547 2117 1628 σαρκὸς
2183 1546 2362 1609 αὐτοῦ
2417 1548 2487 1610 τὸ

1734 1633 2068 1713 λεγόμενον
2109 1633 2483 1712 ἐκλαμβάνο-

1736 1743 1871 1796 μεν.

1571 1821 1651 1881 14
1696 1804 2047 1885 ἐπισκόπου]
2098 1806 2334 1887 ἆρχιεπ.

1693 1889 1824 1974 τῆς]
1873 1894 2007 1952 τῶν.

1570 1987 1642 2056 15
1690 1972 2148 2062 Ἀποκρίσεως.]
2207 1974 2482 2055 Ἀποκρί-

1740 2086 1917 2123 σεων.

1571 2147 1649 2207 16
1695 2144 1886 2233 οἶδεν]
1935 2145 2094 2210 οἶδεν
2124 2152 2250 2211 τὸν.
2349 2190 2355 2196 -

1568 2249 1640 2292 21
1698 2230 1856 2316 ἔστι]
1906 2233 2035 2295 ἐστι
2066 2234 2179 2295 καί.

1567 2334 1647 2380 22
1693 2319 1757 2379 δὲ
1839 2318 1925 2395 δὴ.

1566 2421 1649 2481 24
1693 2318 1792 2487 τὸ]
1840 2402 1966 2465 τὸν.

1431 2508 1509 2567 41
1567 2507 1649 2552 20
1693 2486 2085 2574 Ἐλεγκτέον]
2141 2488 2481 2554 Ἐλεκτέον.

1566 2576 1646 2638 28
1696 2574 1898 2660 οὐδὲν]
1950 2577 2122 2639 οὐδὲν
2150 2575 2283 2658 γάρ.

1567 2681 1646 2743 29
1696 2663 1933 2744 εἰπεῖν,]
1989 2663 2181 2741 εἰπὴν.

1432 2765 1516 2826 42
1609 2763 1642 2827 7
1694 2746 1759 2808 τὸ
1780 2749 2083 2831 Πνεῦμα,]
2114 2748 2220 2810 τὸν
2239 2746 2483 2828 πατέρα.

1571 2852 1647 2897 12
1697 2830 1984 2917 ἐξέβαλε]
2042 2832 2358 2913 ἐξέβαλλε.

1694 2918 1830 3004 ἕνα]
1884 2926 1998 2982 ἵνα.

1568 3022 1650 3068 20
1696 3006 1991 3092 αἰτιατὸν]
2044 3008 2256 3068 αἴτιον.

1570 3109 1650 3155 22
1699 3092 1761 3168 ἐξ
1793 3090 1914 3175 οὗ,]
1965 3094 2026 3168 ἐξ
2058 3092 2145 3162 οὗ,
2182 3091 2286 3155 τὸν
2318 3096 2382 3155 δὲ
2425 3094 2487 3170 ἐξ

1739 3177 1807 3238 οὗ
1840 3178 1933 3238 καὶ
1962 3175 2089 3255 μεθ’
2122 3178 2211 3240 οὗ.

1568 3282 1650 3341 24
1698 3259 2001 3347 ἐπέκεινα]
2049 3260 2350 3327 ὑπέκεινα.

1563 3368 1646 3431 32
1696 3348 1821 3429 ἵνα]
1873 3347 1966 3409 ἵν’.

1562 3455 1649 3517 34
1697 3433 2101 3520 ἐκδεχώμεθα]
2153 3437 2428 3516 ἐκδεχόμ.

1563 3540 1644 3604 35
1695 3520 1788 3581 καὶ
1807 3522 1839 3580 ὁ
1853 3522 2059 3600 Πατὴρ
2070 3527 2208 3583 -Π
2215 3520 2484 3603 νεύματι]

1735 3607 1888 3668 ὥστε
1931 3609 2047 3687 ἐγὼ
2087 3608 2154 3670 ἐν
2193 3611 2271 3691 τῷ
2310 3608 2488 3670 πνεύ-

1735 3717 1897 3769 ματι.

1433 3797 1511 3861 43
1616 3797 1638 3838 1
1694 3775 2041 3862 ὁμόφωνον]
2093 3776 2415 3859 ὁμόφονον.

1610 3883 1644 3927 2
1694 3864 1725 3922 ὁ
1760 3864 1994 3948 Πατὴρ]
2047 3866 2253 3943 Πατὴρ
2285 3869 2335 3926 ὁ.

1696 3949 2066 4036 ὁμωνύμως,]
2116 3953 2438 4029 ὁμώνυμος.

1575 4040 1646 4096 16
1697 4036 2011 4119 ἀνείλετε]
2068 4039 2364 4099 ἀνείλατε.

1569 4141 1646 4205 23
1695 4125 1818 4182 Τοῦ
1848 4122 2043 4205 ἁγίου]
2083 4145 2205 4184 om.

1697 4206 2019 4270 ἐπισκόπου
2067 4207 2489 4290 Ἀντιοχείας.]

1738 4292 2354 4375 ἆρχιεπ.Ἀντιοχείας
2371 4294 2486 4356 ἀπὸ

1736 4376 1925 4459 λόγου
1957 4378 2067 4456 οζ’.

1570 4482 1644 4543 27
1697 4462 1790 4545 δέ]
1844 4465 1908 4527 δ’.

1437 4573 1521 4630 44
1616 4568 1650 4613 2
1699 4548 1924 4635 λέγων]
1982 4549 2166 4631 λέγει.

1625 4656 1658 4715 ¹3
1700 4658 1716 4696 1
1757 4654 1789 4698 2
