3254 5211
1014 418 1222 481 COD.
1274 417 1569 481 COISL.
1619 417 1847 480 XXV.

350 556 450 603 Pag.
493 554 583 594 lain.

2408 420 2534 481 435

1495 554 1591 602 Png.
1633 553 1727 592 Lin.

680 607 752 667 τᾶ
779 608 1053 686 σφοδρὰν
1076 604 1390 685 μετανοίας
1485 606 1602 687 169
1658 623 1681 664 1
1700 623 1726 664 Ι
1780 601 2052 712 αἰώνιον]
2085 606 2348 667 αἰωνίαν.

683 693 976 768 νηστείας.

339 775 460 859 158
550 780 589 839 6
635 781 739 839 τοῦ
770 777 964 864 Θεοῦ]
997 781 1101 839 τοῦ
1132 797 1254 838 om.

549 884 587 947 9
635 861 984 948 γᾶρ1γοῦν·

514 969 592 1028 14
633 949 712 1026 μὴ
744 949 850 1011 οῦν
881 948 1280 1030 σφάλλωμεν]
1311 946 1391 1027 μὴ

681 1036 746 1097 δὲ
777 1033 1125 1114 σφάλωμεν.

516 1121 591 1182 16
640 1119 862 1202 ἕτερος]
900 1142 1025 1183 om.

518 1223 591 1287 17
641 1203 790 1288 τῶν]
823 1205 949 1269 τὸν.

515 1312 590 1374 19
639 1292 871 1374 Οὕτως]
900 1295 1026 1354 Τοῦ
1047 1292 1390 1371 Χρυσοστό-

677 1403 806 1455 μου.
856 1380 1080 1443 Οὕτως.

512 1483 588 1546 23
626 1460 819 1546 ”Αμα]
849 1468 974 1526 Τοῦ
994 1459 1387 1540 αὐτοῦ.”Ἀμα.

345 1568 461 1631 159
551 1569 588 1633 3
642 1548 902 1696 Εὗέθέως]
924 1554 1047 1612 Τοῦ
1061 1549 1255 1611 αὐτοῦ.
1279 1549 1389 1612 Εὐ-

681 1640 716 1696 θ
752 1662 843 1700 ως.

516 1738 589 1784 12
638 1719 969 1804 σχήματος]
983 1720 1388 1803 σχήματοςῶς.

511 1824 593 1868 20
636 1810 762 1869 Τοῦ
792 1805 1023 1890 αὐτοῦ.]
1073 1811 1199 1869 Τοῦ
1234 1811 1387 1885 Χρυ-

683 1894 1004 1971 σοστόμου.

348 1979 464 2039 160
562 1997 586 2038 1
637 1981 762 2039 Τοῦ
793 1979 1019 2060 αὐτοῦ]
1057 1999 1175 2040 om.

551 2082 590 2147 5
635 2067 761 2125 Τοῦ
790 2062 1026 2148 αὐτοῦ]
1069 2068 1193 2127 Τοῦ
1233 2067 1386 2143 Χρυ-

683 2151 1006 2228 σοστόμου.

518 2254 592 2317 19
630 2233 817 2317 Ὅρα]
846 2240 971 2296 Τοῦ
995 2235 1189 2297 αὐτοῦ.
1208 2232 1389 2312 ‘'Opa.

514 2338 592 2403 25
640 2322 1084 2403 Λουγδούνων.]
1149 2321 1389 2399 Λογδώ-

686 2431 812 2468 νου.

350 2493 455 2554 161
558 2508 591 2572 7
640 2496 763 2553 Τοῦ
782 2491 1239 2573 Χρυσοστόμου]
1267 2494 1392 2552 Τοῦ

687 2577 881 2641 αὐτοῦ.

352 2668 464 2729 162
520 2663 594 2726 18
642 2662 774 2747 τοῦ]
808 2667 913 2725 τοῦ
943 2665 1028 2729 εἷς
1055 2662 1179 2740 τὴν.

517 2769 593 2832 23
642 2749 843 2835 τοῦτο]
877 2753 995 2811 τοῦ.

516 2851 590 2916 27
641 2833 937 2920 χαλκείῳ]
970 2836 1219 2919 χαλκίῳ.

348 2925 469 3001 164
555 2942 599 3000 4
641 2927 765 2984 Τοῦ
797 2922 1027 3004 αὐτοῦ]
1072 2927 1196 2984 Τοῦ
1238 2925 1388 3000 Χρυ-

687 3009 1011 3086 σοστόμου.

521 3096 594 3156 16
640 3099 763 3155 Τοῦ
777 3092 1396 3178 Χρυσοστόμου.]Τοῦ

687 3205 881 3242 αυτου.

348 3268 463 3348 165
555 3286 599 3344 4
641 3270 766 3327 Τοῦ
802 3262 1035 3349 αὐτοῦ]
1081 3268 1205 3326 Τοῦ
1236 3268 1390 3344 Χρυ-

681 3352 1003 3429 σοστόμου.

351 3438 465 3499 166
520 3454 590 3498 21
645 3435 861 3522 Αἰνέα]
900 3434 1060 3498 ε’νέα.

517 3541 595 3587 22
643 3521 900 3607 φήσας,]
937 3523 1176 3602 φείσας.

518 3627 595 3691 25
646 3607 1009 3691 κράβαττον]
1063 3606 1398 3688 κράβαττον

687 3720 814 3756 σου.

521 3781 601 3841 26
646 3779 875 3862 βεβαίᾳ
937 3780 1220 3857 βεβαίαν.

515 3884 600 3948 30
647 3868 751 3926 τοῦ
779 3780 913 3949 τὸν]
947 3890 1155 3927 τουτον
1190 3863 1353 3946 (sic).

352 3954 465 4033 167
559 3953 598 4013 6
647 3950 959 4032 Διδύμου.]
1008 3948 1367 4028 Ἀμμωνίου.

519 4055 590 4100 21
647 4035 995 4118 ἐλεγκτέον]
1035 4033 1357 4098 ἐλεικτέον.

520 4142 598 4187 22
644 4121 892 4204 πλήρης]
932 4120 1157 4201 πλήρης
1187 4121 1282 4199 ἢν.

516 4229 601 4293 30
637 4206 829 4294 ‘'Opa]
878 4212 1004 4270 Τοῦ
1048 4208 1395 4288 Χρυσοστό-

685 4319 814 4371 μου.
874 4293 1056 4374 ‘'Opa.

356 4380 471 4443 168
562 4400 606 4458 4
652 4379 966 4464 Διδύμου.]
998 4384 1122 4442 Τοῦ
1160 4378 1279 4457 X.

528 4486 603 4549 19
648 4470 772 4528 Τοῦ
794 4467 1401 4552 Χρυσοστόμου.]Τοῦ

694 4576 889 4613 αυτου.

1485 705 1604 771 170
1698 704 1730 770 7
1778 693 1903 752 Τοῦ
1985 688 2216 773 αυτοῦ.]
2300 693 2529 769 Ἀμμω-

1824 774 1970 838 νίου.

1659 860 1736 922 16
1770 857 1958 944 ”Ορα]
2014 864 2141 922 Τοῦ
2178 863 2528 942 Χρυσοστό·

1818 972 1951 1024 μου.
2005 943 2185 1027 ”Ορα.

1655 1033 1735 1098 26
1779 1030 2530 1140 ΤοῦΧρυσοστόμου.]Τοῦ

1825 1143 2021 1181 αυτου.

1488 1220 1596 1286 171
1658 1223 1737 1283 14
1781 1204 1912 1285 τοῦ]
1949 1208 2065 1281 τῆς.

1658 1305 1732 1373 15
1781 1290 2149 1372 ἆπούπατον]
2263 1290 2528 1353 ἆποῦπά-

1825 1400 1961 1438 των.

1657 1480 1736 1527 20
1780 1459 2228 1545 ποδηγήσαντα]
2273 1466 2526 1542 ποδηγη-

1827 1571 1945 1609 σαν
1976 1546 2152 1629 (sic).

1658 1652 1732 1716 23
1783 1631 1993 1716 ὄροις·]
2028 1634 2220 1713 ὄρους.

1488 1737 1605 1799 172
1704 1740 1727 1781 1
1785 1719 1999 1805 Διατί]
2032 1723 2158 1781 Τοῦ
2186 1716 2529 1799 Χρυσοστό-

1821 1830 1953 1883 μου.
2006 1806 2202 1868 Διατί.

1695 1909 1734 1973 5
1780 1888 2536 1974 ΤοῦΧρυσοστόμου.]Τοῦ

1826 2002 2022 2039 αυτου.

1701 2078 1732 2143 7
1780 2066 1909 2125 Τοῦ
1936 2062 2169 2149 αὐτοῦ]
2211 2067 2336 2125 Τοῦ
2377 2067 2530 2142 Χρυ-

1827 2145 2149 2226 σοστόμου.

1659 2251 1739 2311 24
1786 2234 2174 2316 Σευηριανοῦ]
2291 2238 2529 2312 Σευηρι-

1828 2324 1974 2380 ανοῦ
2006 2317 2348 2381 ἐπισκόπου.

1653 2424 1739 2486 30
1784 2403 1874 2489 αἱ]
1909 2426 2034 2466 om.

1784 2488 2149 2575 ἆνέβησαν,]
2215 2488 2277 2551 in
2334 2510 2532 2574 marg.

1825 2602 1916 2657 γρ.
1952 2577 2308 2659 ἐδέχθησαν.

1652 2682 1737 2745 34
1785 2664 2064 2743 κηρύσσει
2096 2662 2354 2748 Πέτρος]
2408 2663 2531 2725 Πέ-

1823 2774 1956 2828 τρος
1988 2750 2286 2828 κηρύσσει.

1825 2836 2123 2918 σώζεται,]
2151 2837 2416 2910 σώζεται,
2437 2836 2533 2897 καὶ

1827 2920 2003 2987 αὐτὸς
2035 2921 2129 2983 καὶ
2160 2924 2192 2984 ὁ
2223 2924 2401 2987 οἵκος.

1489 3023 1602 3089 173
1697 3027 1740 3084 4
1786 3005 2278 3095 νενομισμένους]
2364 3031 2529 3070 νενο-

1820 3091 2146 3169 μισμένοις.

1698 3195 1729 3258 7
1782 3176 1983 3244 δεκτὸς
2010 3217 2096 3228 -
2125 3180 2526 3262 δικαιοσύνην]

1827 3285 1952 3324 om.

1659 3366 1734 3412 12
1780 3347 2171 3435 Ἀμμωνίου]
2201 3350 2535 3429 Ἀμμωνίου

1824 3435 2255 3515 πρεσβυτέρου.

1661 3518 1733 3581 18
1783 3521 1875 3603 δὲ]
1931 3523 1994 3583 δὲ
2025 3522 2078 3600 ἡ.

1659 3623 1733 3687 23
1781 3608 2044 3690 Ταύτας]
2115 3612 2241 3670 Τοῦ
2299 3612 2532 3689 Χρυσο-

1827 3694 2071 3770 στόμου.
2117 3695 2370 3759 Ταύτας.

1488 3793 1609 3859 174
1661 3778 1735 3840 18
1785 3779 1950 3865 οὐδὲ]
1999 3778 2056 3857 ἢ.

1658 3883 1737 3928 22
1789 3862 1977 3948 ἑξῆς]
2028 3866 2222 3944 ὅμοια.

1659 3968 1734 4032 23
1781 3954 1904 4011 Τοῦ
1937 3951 2161 4033 αὐτοῦ]
2221 3956 2347 4014 Τοῦ
2376 3958 2532 4031 Χρυ-

1825 4038 2143 4115 σοστόμου.

1654 4138 1733 4204 33
1781 4120 2103 4206 Τουτέστι]
2168 4126 2294 4184 Τοῦ
2337 4123 2532 4186 αὐτοῦ.

1829 4208 2137 4271 Τουτέστι.

1490 4309 1606 4375 175
1699 4311 1736 4375 3
1784 4292 1893 4375 Τί]
1941 4300 2065 4355 Τοῦ
2097 4294 2296 4358 αὐτοῦ.
2339 4297 2432 4356 Τί.

1703 4400 1741 4461 9
1791 4378 1921 4461 τοῦ]
1956 4401 2076 4442 om.

1661 4482 1737 4548 23
1788 4464 2230 4550 δηλουμένους]
2327 4470 2537 4543 δηλου-

1831 4551 2044 4629 μένους
2075 4554 2435 4632 ἀνθρώπους.

1590 4657 1627 4718 3
1667 4658 1702 4699 1(
1743 4655 1774 4697 2
