3254 5211
786 411 913 473 438

790 549 906 662 ἔῗι
945 547 1037 659 ΙΫΙ
1090 594 1155 680 ὁ]
1187 617 1314 658 om.

968 700 1040 764 17
1084 680 1641 763 προαγορεύοντες,]
1657 705 1842 760 προσ-

1136 769 1538 849 αγορεύοντες.

965 874 1040 938 23
1088 859 1214 917 Τοῦ
1226 850 1672 933 Χρυσοοτόμου
1677 852 1843 934 ]Τοῦ

1133 940 1304 1019 ἁγίου
1337 944 1431 1001 Ῑῶ.

961 1045 1039 1110 31
1084 1022 1473 1108 Ἀμμωνίου]
1504 1022 1844 1103 Ἀμμωνίου

1134 1109 1564 1192 πρεσβυτέρου.

794 1217 917 1262 212
1015 1218 1037 1260 1
1095 1196 1385 1303 Μαναήν]
1476 1201 1599 1258 Τοῦ
1667 1194 1845 1257 αὐτοῦ

1135 1282 1488 1362 Ἀμμωνίου.
1540 1280 1818 1358 Μαναήν.

1012 1388 1048 1435 2
1096 1369 1198 1431 οὐκ
1231 1366 1325 1452 ε’κ]
1375 1370 1522 1450 ούχη
1556 1370 1619 1430 ε’κ
1654 1368 1825 1448 (sic).

972 1475 1043 1539 13
1091 1452 1485 1537 Ἀμμωνίου]
1510 1454 1846 1534 Ἀμμωνίου

1140 1540 1567 1621 πρεσβυτέρου.

973 1647 1049 1710 19
1085 1625 1222 1689 Ἵνα
1239 1627 1306 1689 τὸ
1331 1624 1610 1707 ὁμότιμον
1629 1621 1843 1706 δείξῃ]

1139 1735 1260 1774 om.

970 1817 1052 1877 24
1093 1797 1201 1881 Τί]
1249 1804 1373 1861 Τοῦ
1396 1794 1846 1879 Χρυσοστόμου.

1137 1886 1233 1945 Τί.

1544 1966 1842 2048 ὑψηλοτέ-

798 1987 925 2048 214
1014 1987 1048 2030 2
1096 1966 1382 2051 ὑψηλὴν]

1139 2080 1271 2134 ραν.

970 2158 1045 2224 23
1094 2145 1219 2202 Τοῦ
1260 2137 1491 2248 αὐτοῦ]
1540 2144 1666 2200 Τοῦ
1696 2144 1848 2218 Χρυ-

1140 2222 1457 2304 σοστόμου.

799 2331 920 2397 215
1013 2313 1049 2375 8
1092 2306 1849 2393 ΤοῦΧρυσοστόμου.]Τοῦ

1144 2399 1337 2461 αὐτοῦ.

978 2501 1049 2566 17
1098 2490 1222 2546 Τοῦ
1257 2484 1449 2546 αὐτοῦ.
1460 2480 1485 2566 ]
1536 2485 1660 2543 Τοῦ
1691 2487 1847 2561 Χρυ-

1145 2567 1464 2649 σοστόμου.

969 2677 1049 2743 31
1104 2654 1307 2738 κακός]
1358 2660 1560 2720 κακῶς.

803 2745 924 2809 216
1014 2763 1051 2827 3
1103 2741 1248 2805 τνα’.
1261 2741 1287 2825 ]
1335 2740 1472 2804 τνδῖ

1014 2845 1052 2911 5
1100 2827 1203 2911 τὰ]
1251 2834 1349 2890 τῶ.

1099 2911 1449 2995 γενόμενα·]
1501 2911 1827 2995 γενομένῳ.

979 3020 1055 3063 10
1099 2996 1674 3082 χειραγωγησασαν]
1731 3024 1851 3079 χει-

1141 3091 1557 3166 ραγωγοῦσαν.

980 3194 1053 3256 19
1101 3170 1331 3253 παύσῃ]
1378 3173 1578 3249 παύσῃ
1611 3173 1696 3232 δὲ.

975 3278 1051 3342 23
1104 3256 1525 3341 ἀποβεβηκὼς]
1625 3258 1849 3333 ἀποβε-

1143 3346 1402 3423 βληκὼς.

980 3432 1057 3495 26
1109 3429 1234 3513 καὶ]
1267 3452 1390 3492 om.

973 3536 1047 3597 31
1102 3513 1856 3599 ΤοῦΧρυσοστόμου.]Τοῦ

1148 3626 1344 3663 αυτου.

804 3701 921 3766 217
1014 3702 1054 3768 5
1101 3690 1227 3746 Τοῦ
1267 3686 1493 3767 αὐτοῦ]
1547 3690 1673 3747 Τοῦ
1705 3692 1854 3765 Χρυ-

1150 3769 1469 3848 σοστόμου.

805 3875 927 3939 219
977 3874 1056 3940 29
1105 3857 1189 3920 εἰς
1234 3856 1339 3934 τὴν
1389 3856 1731 3941 ἑρμηνείαν]
1793 3858 1855 3919 ἐκ

1146 3946 1245 4019 τῆς
1277 3945 1600 4023 ἑρμηνείας.

1104 4028 1364 4112 πρώτης]
1416 4027 1488 4092 α’.

807 4133 930 4178 220
1020 4116 1057 4177 6
1103 4114 1282 4199 ῥητὰ]
1329 4115 1577 4195 ῥήματα.

808 4219 921 4264 221
1026 4222 1053 4262 1
1109 4203 1460 4283 Κυρίλλου.]
1518 4205 1643 4265 Τοῦ
1688 4203 1858 4283 ἁγίου

1152 4290 1475 4367 Κυρίλλου.

1018 4392 1061 4451 4
1109 4377 1253 4436 κατὰ
1276 4372 1650 4457 μετάληψιν]
1689 4372 1861 4436 κατά-

1149 4467 1360 4539 ληψιν.

1023 4563 1059 4624 9
1108 4548 1250 4627 γὰρ]
1302 4549 1469 4624 γοῦν·

1353 404 1841 470 VARIETAS
1889 401 2407 467 LECTIONIS

1939 541 2038 590 Pag.
2097 540 2189 579 Lln.

1931 609 2052 655 222
2139 606 2180 674 5
2226 589 2397 739 Tgie]
2417 587 2531 666 Ἐξ
2545 586 3050 669 ἆνεπιγράφου.

2324 701 2432 741 οις.

2144 777 2178 842 7
2227 761 2448 929 γξζῖτὲε
2476 758 2661 845 σὰρξ]
2712 763 2898 841 σὰρξ
2933 758 3049 840 γέ-

2146 934 2183 997 8
2234 930 2499 1017 καιρίαν]
2547 935 2786 1014 κερίαν.

2109 1038 2135 1081 1
2153 1040 2176 1083 1
2231 1019 2464 1102 αὐτοὺς]
2515 1019 2742 1084 αὐτοις.

1935 1126 2054 1191 223
2156 1126 2182 1168 1
2232 1111 2357 1168 Τοῦ
2394 1103 2627 1213 αυτοῦ.]
2672 1108 2820 1166 Τοῦ
2851 1109 3039 1184 Χρυ-

2276 1188 2598 1270 σοστόμου.

2112 1280 2186 1339 16
2231 1274 2505 1361 δύναμις]
2552 1277 2724 1356 δύμις
2763 1275 2955 1358 (sic).

2112 1379 2184 1445 17
2235 1361 2669 1446 ἆναστακέναι]
2720 1364 2966 1426 ‹ivea-r.

2108 1469 2186 1532 29
2233 1446 2299 1533 ὁ]
2348 1474 2475 1512 ουν.

1937 1555 2063 1616 224
2148 1554 2187 1618 5
2238 1533 2597 1618 Κυρίλλου]
2685 1535 3036 1615 Κυρίλλου

2281 1617 2755 1702 ἆρχιεπισκόπου
2787 1618 3032 1696 ’-Αλεξ

2278 1709 2568 1787 ανδρείας.

2118 1813 2192 1877 19
2240 1790 2553 1876 νεοτάτην]
2601 1816 2778 1854 νεωτ.

2106 1899 2191 1963 30
2237 1876 2529 1963 Σευήρου]
2616 1882 2749 1941 Τοῦ
2832 1879 3022 1958 ἁγίου

2281 1964 2559 2044 Σευήρου.

2107 2070 2190 2135 32
2238 2049 2539 2134 Σωτῆρος]
2578 2053 2867 2130 Σωτῆρος
2891 2048 3016 2128 Ἰη-

2285 2142 2417 2198 σοῦ.

1939 2241 2059 2307 225
2155 2224 2191 2285 8
2237 2226 2361 2285 Τοῦ
2397 2220 2606 2306 αὐτοῦ]
2650 2226 2785 2284 Τοῦ
2828 2224 3012 2302 ἂγιου

2281 2308 2540 2388 Σευήρου
2605 2305 3008 2390 ἆρχιεπισκό-

2280 2419 2394 2458 που
2425 2395 2777 2477 ἇντιοχείας

1941 2482 2063 2546 226
2118 2501 2192 2566 13
2241 2482 2371 2565 τὸν]
2408 2479 2515 2543 τὸν
2545 2482 2634 2543 ε’ν.

2114 2585 2194 2633 22
2242 2567 2597 2676 Κυρίλὶὶουζ]
2658 2570 2787 2630 Τοῦ
2846 2571 3007 2647 Χρυ-

2283 2678 2607 2731 σοστομου.

2117 2759 2192 2824 25
2235 2736 2826 2820 ΤοῦΧρυσοστόμου.
2834 2739 3009 2822 ]Τοῦ

2287 2828 2459 2906 ἁγίου
2491 2827 2815 2906 Κυρθιλου.

2116 2914 2194 2975 26
2238 2909 2622 3019 Ἀββακοὺμ]
2673 2913 2825 2989 ἆμβ.

1944 3017 2063 3081 227
2163 3019 2188 3060 1
2244 2994 2547 3061 Θεοδότου
2642 2996 3002 3081 Ἀγκύρας.]

2287 3084 2884 3165 Θεοδώρουμοναχοῦ
2903 3085 3006 3146 καὶ

2286 3169 2716 3250 πρεσβυτέρου.

2124 3275 2202 3336 14
2244 3262 2369 3318 Τοῦ
2403 3253 2633 3338 αὐτοῦ]
2677 3258 2804 3317 Τοῦ
2835 3260 3000 3335 Χρυ-

2288 3341 2605 3420 σοστόμου.

2119 3449 2201 3508 24
2241 3425 2632 3510 Ἀμμωνίου.]
2658 3425 3000 3506 Ἀμμωνίου

2287 3511 2713 3594 πρεσβυτέρου.

2246 3600 2338 3684 τὸ]
2376 3621 2497 3661 om.

2120 3689 2197 3751 26
2244 3690 2369 3749 Τοῦ
2399 3686 2626 3768 αὐτοῦ]
2666 3689 2791 3746 Τοῦ
2815 3684 2996 3746 αὐτοῦ

2286 3771 2348 3834 id
2386 3785 2480 3833 est
2518 3777 2621 3833 τοῦ
2651 3768 2996 3851 Χρυσοστό-

2286 3883 2416 3937 μου,
2517 3879 2788 3941 namque
2875 3855 2994 3919 hoc

2293 3942 2500 4007 Schol.
2543 3957 2684 4028 post
2731 3945 2994 4005 Ammo-

2289 4030 2460 4093 nium
2515 4027 2934 4093 describitur
2921 4051 2988 4090 m

2287 4115 2425 4179 cod.

1946 4219 2069 4283 229
2162 4222 2198 4283 9
2250 4203 2493 4285 κρίνειν]
2550 4203 2750 4281 κρίνει.

2124 4307 2199 4370 23
2247 4287 2342 4350 ὑπ’
2377 4285 2684 4370 οὐρανὸν,]
2741 4288 2982 4367 ὑπουρα-

2295 4374 2417 4436 νῦν.

2125 4461 2201 4523 26
2250 4458 2689 4543 Θεοδωρήτου.]
2763 4462 2976 4523 Θεοδω-

2289 4545 2467 4623 ρήτου
2501 4547 2689 4625 κύρου.
