3254 5211
1074 425 1278 489 COD.
1328 423 1622 488 COISL.
1672 422 1902 487 XXV.
2455 423 2582 485 443

383 558 504 673 zvffl.
556 559 650 691 11,ίὸ
679 606 1065 693 Ἀμμωνίου.]
1094 606 1432 686 Ἀμμωνίου

722 693 1154 775 πρεσβυτέρου.

680 778 825 864 μὲν]
872 781 966 858 μὲ.

559 883 637 930 22
683 865 873 948 οὗτοι]
924 864 1084 927 οὗτοι
1113 865 1200 926 δὲ.

556 969 633 1035 23
684 948 1197 1035 καταγγέλλουσι]
1297 973 1431 1011 κατ-

729 1035 1099 1116 αγγέλλωσι.

557 1137 633 1203 27
681 1119 811 1204 ἧν,]
858 1121 932 1199 ἦν
963 1121 1177 1185 αὐτοῖς.

387 1208 508 1274 282
606 1229 628 1269 1
682 1202 1435 1288 ΤοῦΧρυσοστόμου.]Τοῦ

729 1292 908 1355 αὐτοῦ
932 1304 994 1353 et
1023 1289 1085 1352 in
1118 1311 1311 1375 marg.
1333 1294 1437 1352 τοῦ

601 1466 640 1525 6
684 1467 809 1524 Τοῦ
841 1462 1035 1525 αὐτοῦ.
1104 1482 1228 1524 0111.

599 1569 639 1631 9
683 1552 809 1612 Τοῦ
839 1548 1036 1610 αὐτοῦ.
1102 1568 1225 1609 om.

564 1654 643 1713 14
688 1631 1104 1718 κερδαίνωσιν]
1150 1633 1436 1712 κερδάνω-

728 1744 847 1781 σιν.

566 1805 642 1866 16
689 1804 943 1887 αὐτούς’]
996 1804 1214 1869 αὐτοῖς.

561 1894 641 1953 26
685 1888 1076 1972 Ἀμμωνίου]
1101 1888 1438 1968 Ἀμμωνίου

729 1973 1156 2054 πρεσβυτέρου.

559 2078 646 2144 30
692 2058 954 2140 ἐνσάρκα
1035 2059 1343 2139 ἐνσάρκου.

392 2148 511 2230 283
603 2165 641 2229 3
692 2145 951 2225 ἔφευγον
1032 2145 1279 2225 ἔφυγον.

570 2250 644 2312 19
690 2231 1009 2313 Λύστροις]
1060 2233 1291 2296 λύπαις.

393 2318 519 2395 284
609 2317 645 2379 8
689 2314 1078 2398 Ἀμμωνίου.]
1102 2314 1442 2394 Ἀμμωνίου

733 2400 1164 2480 πρεσβυτέρου.

692 2483 875 2568 ὁρῶν]
925 2488 1077 2565 ὁρῶν
1107 2487 1312 2548 οὖσαν.

570 2590 649 2636 10
693 2569 1063 2654 συζητήσεις]
1098 2569 1438 2651 συζητήοης.

574 2677 646 2742 13
697 2656 905 2741 αὐτοῦ]
957 2659 1189 2719 ἑαυτοῦ.

570 2746 647 2809 28
698 2746 781 2808 εἰς
824 2742 932 2819 τὴν
978 2741 1319 2826 ἑρμηνείαν]
1382 2744 1446 2805 ἐκ

736 2832 839 2904 τῆς
871 2831 1195 2907 ἑρμηνείας.

564 2933 649 2997 32
695 2912 853 2997 ταῖς]
902 2920 1040 2978 τοῖς.

697 2998 1254 3083 κατασκεδασμένα]
1284 3023 1446 3061 κατε-

737 3085 1133 3162 σκεδασμένα.

398 3172 519 3254 285
571 3189 644 3234 21
696 3170 919 3255 φασὶν]
967 3172 1172 3250 φησὶν.

398 3258 514 3337 287
607 3271 647 3337 5
697 3255 791 3317 καὶ
850 3257 1024 3317 λίθον
1078 3257 1173 3318 καὶ
1231 3253 1443 3340 ξύλον]

737 3342 833 3402 καὶ
862 3341 1045 3418 ξύλον
1077 3342 1170 3403 καὶ
1198 3343 1394 3404 λίθον.

615 3442 648 3505 7
699 3424 1000 3508 σύναξιν,]
1051 3428 1346 3504 σύνταξιν.

401 3531 522 3595 290
578 3532 650 3593 19
699 3509 1052 3594 Κυρίλλου.]
1147 3516 1447 3592 Κυρίλλου

736 3595 1216 3676 Ἀλεξανδρείας.

697 3682 801 3744 τὸν
821 3682 986 3744 Θεὸν
1007 3683 1112 3744 τὸν
1133 3681 1443 3767 ὕψιστον]

741 3769 819 3849 τῷ
852 3769 966 3850 θεῷ
999 3770 1076 3850 τῷ
1108 3770 1364 3850 ὑψίστῳ.

576 3871 655 3914 20
703 3850 839 3934 ἐὰν]
891 3854 997 3914 ἐὰν
1028 3853 1161 3914 σὺν.

574 3956 652 4001 22
698 3940 776 4020 τῷ
808 3939 1019 4019 φαύλῳ
1051 3937 1118 3998 τὸ
1161 3936 1443 4021 ἀγαθὸν,]

742 4022 807 4083 τὸ
841 4022 1082 4103 φαυλὸν
1113 4027 1190 4106 τῷ
1223 4026 1446 4107 ἀγαθῷ.

576 4127 649 4191 23
699 4106 812 4191 τῷ]
862 4107 951 4169 τὸ.

402 4213 517 4278 291
616 4195 651 4255 8
700 4192 833 4276 τοῦ]
884 4193 971 4256 τὸ.

581 4299 652 4341 12
699 4285 801 4340 τοῦ
882 4279 969 4342 τὸ.

581 4384 655 4442 14
700 4280 834 4446 τοῦ]
883 4364 974 4427 τὸ.

582 4468 654 4532 15
702 4451 1018 4533 ἀναπνεῖν]
1071 4451 1411 4515 ἆναπνεέιν.

703 4535 836 4620 τοῦ]
884 4536 970 4599 τὸ.

1531 558 1631 607 Ρις.
1681 558 1775 597 Un.

1522 626 1640 692 291
1701 625 1771 689 17
1820 607 1966 690 τῶν]
2015 605 2141 670 τὸν.

1697 711 1778 756 20
1824 692 1923 775 οὐ]
1974 691 2043 754 οὐ
2073 693 2160 754 δὲ.

1822 778 2078 860 πρώτης]
2132 779 2370 857 πρότης.

1696 864 1773 927 28
1824 861 1985 946 ἐστι]
2032 887 2110 925 τι.

1524 968 1647 1034 292
1701 968 1774 1031 17
1824 945 2195 1030 Παρθένιον]
2246 946 2533 1011 -θένειον.

1823 1032 2121 1118 ἑντυχὸν,]
2176 1035 2462 1115 ἐντυχὼν.

1703 1120 1777 1182 18
1825 1116 2222 1203 ἀμελοῦντας]
2273 1124 2573 1189 -λοῦντος.

1704 1224 1779 1284 19
1826 1205 1919 1287 δὲ]
1956 1226 2081 1266 0111.

1701 1308 1782 1352 20
1827 1291 2061 1372 φησιν,]
2113 1298 2328 1370 φασιν.

1527 1394 1654 1456 294
1740 1395 1784 1453 4
1824 1379 1951 1437 Τοῦ
1981 1375 2206 1458 αὐτοῦ]
2255 1380 2380 1438 Τοῦ
2412 1382 2525 1457 Χρ.

1528 1476 1650 1544 295
1702 1476 1777 1542 27
1824 1458 2179 1540 Ἀμμωνίου.
2214 1463 2571 1545 Σημείωται]

1869 1543 2207 1624 Ἀμμωνίου
2241 1547 2574 1627 πρεσβυτέ-

1868 1656 1992 1710 ρου.
2049 1630 2441 1709 Σημειωτέον.

1704 1717 1783 1781 28
1832 1717 2069 1804 φύσει·]
2117 1718 2376 1797 φύσεως.

1830 1800 2142 1885 λέγοντες]
2192 1800 2505 1882 λέγοντας.

1530 1889 1655 1971 296
1742 1907 1780 1970 3
1831 1887 2017 1971 ἄλλο]
2072 1889 2259 1950 ἄλλω.

1743 1991 1782 2055 5
1832 1973 2085 2038 ἀλλοίας
2115 1971 2322 2057 ὄντας]
2372 1973 2582 2036 ἀλλοί-

1874 2082 2072 2123 οντας.

1746 2144 1786 2202 6
1832 2145 2036 2227 ἴβεις,]
2091 2146 2296 2221 εἴβεις.

1834 2229 1930 2290 καὶ
1951 2230 2281 2308 αἰλούρους,
2306 2231 2401 2292 καὶ
2418 2228 2585 2305 πιθή-

1877 2314 2062 2395 κους,]
2140 2315 2235 2377 καὶ
2282 2314 2580 2392 πιθήκους,

1875 2400 1971 2461 καὶ
2001 2401 2331 2480 αἰλούρους.

1710 2498 1783 2564 17
1823 2481 2047 2567 Ὅπερ]
2096 2489 2221 2547 Τοῦ
2242 2485 2440 2549 αὐτοῦ.
2470 2483 2585 2549 ‘'O-

1874 2594 2009 2651 περ.

1704 2674 1782 2739 23
1833 2655 2124 2742 Σευήρου]
2140 2655 2398 2737 Σευήρου
2418 2659 2585 2738 ἀρχι-

1863 2741 2581 2826 επισκόπουἈντ-ιοχείας.

1709 2841 1786 2904 27
1835 2829 2096 2911 χρόνων]
2147 2831 2388 2910 χρόνον.

1709 2913 1787 2974 28
1836 2911 2014 2996 πρὸς]
2065 2916 2165 2979 εἰς.

1705 3015 1742 3080 3
1765 3016 1781 3058 1
1833 2995 2220 3082 Ἀμμωνίου.]
2248 2999 2585 3080 Ἀμμωνίου

1877 3085 2308 3165 πρεσβυτέρου.

1537 3183 1654 3250 297
1748 3186 1787 3251 5
1837 3169 2082 3252 αὐτοῖς’]
2134 3172 2332 3236 αὐτός.

1836 3253 1970 3337 τὴν]
2007 3276 2132 3316 om.

1715 3359 1789 3401 12
1838 3339 2161 3423 ὤφθησαν]
2210 3341 2360 3422 ὤφθ.
2392 3349 2537 3409 τοῖς.

1715 3428 1789 3487 16
1839 3424 2128 3509 ἅπαντες]
2162 3427 2229 3489 οὗ
2260 3427 2496 3495 πάντες.

1839 3508 1974 3592 οὐκ]
2007 3533 2130 3572 om.

1719 3595 1789 3656 18
1836 3594 2053 3679 μόνον]
2100 3598 2323 3674 μόνων.

1714 3701 1789 3763 19
1838 3679 2009 3788 ἀλλ’]
2059 3684 2243 3746 ἀλλὰ.

1711 3783 1789 3830 22
1836 3772 1953 3828 τῶν
2013 3770 2290 3831 ῐουδαίων
2333 3770 2441 3847 τὴν
2484 3773 2589 3832 πό-

1882 3855 2034 3936 λιν,]
2093 3855 2202 3933 τὴν
2245 3858 2425 3919 πόλιν
2470 3862 2589 3919 τῶν

1876 3935 2200 4003 Ἰουδαίων.

1713 4039 1788 4105 23
1840 4023 1905 4084 ἐν
1947 4025 2115 4109 μέσῳ
2160 4023 2290 4109 τῆς]
2350 4027 2586 4106 ἐμμέσω

1881 4135 2005 4172 του.

1717 4209 1793 4274 25
1841 4196 1974 4281 τοῦ]
2009 4218 2132 4258 om.

1715 4279 1793 4340 26
1844 4281 2108 4361 σώμασι]
2154 4283 2398 4359 σώματι.

1710 4382 1797 4446 30
1841 4368 2052 4448 πειθὼ]
2102 4368 2275 4429 πιθὼ.

1713 4467 1795 4532 32
1845 4452 2094 4535 ἐγεῖραι]
2150 4454 2364 4533 ἐγεΐρε.

1544 4534 1665 4619 298
1759 4536 1793 4595 8
1843 4538 2172 4623 αὐτόπτως]
2221 4539 2504 4602 αὐτόπως.

1646 4640 1681 4703 3
1721 4642 1756 4682 1.
1793 4639 1825 4683 2

3199 2680 3212 3631 *d—ssffi--ffi—-r-—rd—-n--a——ssssssss
3201 2603 3212 2643 ᾼξ
