3254 5211
969 391 1178 456 COD.
1229 391 1529 456 COISL.
1579 391 1813 456 XXV.

293 529 415 663 1¹²3}
454 529 547 663 3¹¹1
595 576 855 662 σοφίαν]
888 580 1102 643 αἰτίαν.

462 682 548 750 32
595 664 975 752 ἀνεδείματο]
998 665 1345 744 ἀνεδείματο

633 752 769 830 μὲν.

461 855 545 923 33
596 835 959 918 ἑπεγάννυτο
1021 835 1345 918 -γάνυντο,

292 925 418 988 126
468 938 542 1006 27
596 921 967 1002 Σημειωτέον
1008 920 1347 1002 Ἀμμωνίου

635 1008 1067 1090 πρεσβυτέρου.
1130 1014 1340 1087 Σημει·

635 1094 840 1157 ωτέον.

293 1198 412 1262 127
513 1200 539 1242 1
594 1179 886 1263 Σευήρου]
936 1179 1196 1261 Σευήρου
1240 1181 1341 1261 ἆρ-

633 1268 1026 1348 χιεπισκόπου
1118 1264 1346 1330 Ἀντιο-

636 1352 826 1433 χείας.

511 1451 545 1517 7
595 1434 795 1520 λίθος]
830 1437 998 1504 λίθος
1026 1439 1082 1499 ὁ.

471 1540 547 1586 12
592 1520 735 1629 μὲν]
768 1524 882 1601 μὲν
911 1525 1049 1603 γὰρ.

294 1609 416 1674 128
506 1610 547 1671 6
595 1610 627 1670 ὁ
658 1605 760 1690 δι]
795 1610 828 1670 ὁ
859 1611 975 1689 γὰρ
1006 1605 1098 1672 δι’.

468 1713 552 1775 24
592 1699 717 1756 Τοῦ
749 1695 1212 1781 Χρυσοστόμου]
1249 1701 1340 1759 Ῑῶ.

592 1778 928 1863 ἀνάληψιν]
953 1779 1263 1862 ἀνάληψιν
1280 1783 1345 1845 ἐκ

634 1890 759 1928 του.

592 1948 661 2033 ς]
693 1973 814 2013 om.

296 2053 417 2120 129
503 2054 549 2115 4
592 2036 945 2120 Βασιλείου]
1023 2039 1345 2103 Βασιλείου

637 2124 1016 2204 Καισαρείας.

471 2227 549 2270 10
591 2204 959 2292 Ἀμμωνίου]
1007 2207 1345 2289 Ἀμμωνίου

635 2296 1063 2374 πρεσβυτέρου.

466 2398 548 2442 20
592 2377 951 2462 δυναμένου]
996 2380 1342 2459 δυνάμενον.

297 2483 418 2548 130
509 2479 541 2546 7
590 2469 715 2526 Τοῦ
737 2464 1200 2549 Χρυσοστόμου]
1220 2470 1343 2529 Τοῦ

635 2575 830 2614 αυτου.

506 2656 544 2719 9
590 2633 936 2722 Ἀρσενίου]
1028 2635 1344 2717 Ἀρσενίου

638 2724 963 2786 ἐπισκόπου
979 2725 1342 2803 Τριπόλεως.

470 2827 544 2891 13
584 2804 778 2891 ‘'Opa]
825 2813 951 2871 Τοῦ
1000 2813 1345 2890 Χρυσοστό-

634 2920 768 2971 μου.
829 2893 1011 2973 ‘'Opa.

468 2997 543 3061 23
590 2976 989 3063 Ἀθανασίου]
1022 2986 1145 3043 Τοῦ
1171 2984 1343 3062 ἁγίου

634 3063 1025 3129 Ἀθανασίου.

468 3165 545 3234 25
595 3152 985 3236 Δεικνύντος]
1046 3157 1171 3215 Τοῦ
1229 3158 1342 3234 Χρ.

639 3241 1013 3304 Δεικνύντος.

466 3323 544 3388 28
591 3323 979 3407 παρατίθημι]
1034 3327 1345 3405 παρατίθε-

633 3435 759 3488 μαι.

300 3514 410 3578 131
514 3512 550 3558 2
599 3495 714 3575 ἔφη
761 3493 1100 3580 Στέφανος]
1157 3494 1341 3577 Στέφ.

506 3686 550 3745 4
596 3665 720 3750 καὶ]
757 3667 851 3729 καὶ
882 3670 959 3729 οἱ.

472 3771 494 3811 1
516 3771 538 3811 1
592 3752 666 3829 ἦν
697 3751 911 3835 θυμοῦ]
948 3758 1130 3831 θυμοῦ
1161 3753 1252 3831 ἦν.

473 3839 546 3899 18
592 3836 735 3921 Ἐν]
768 3843 892 3900 Τοῦ
924 3840 1123 3900 αὐτοῦ.
1190 3837 1319 3902 Ἐν.

471 3943 546 4005 19
595 3921 1089 4007 ἐπιστοματίζων]
1112 3927 1344 3987 ε’πιστο-

633 4013 835 4087 μίζων.

468 4114 543 4177 23
591 4093 844 4177 χρόνον]
870 4094 1343 4177 χρόνονον(5ὶ(;).

468 4199 548 4263 29
594 4181 817 4262 αὐτοῖς]
854 4203 977 4243 om.

463 4286 540 4349 31
592 4267 850 4343 βάλλων
898 4266 1108 4350 αὐτὸν]
1162 4266 1345 4331 αὐτὸν

636 4353 913 4430 βάλλων.

306 4455 416 4521 132
506 4458 547 4521 5
592 4442 718 4501 Τοῦ
739 4440 1197 4525 Χρυσοστόμου]
1218 4444 1343 4501 Τοῦ

638 4524 810 4604 ἁγίου
842 4531 933 4588 Ιῶ.

2364 394 2493 458 433

1450 527 1549 577 1²23.
1591 527 1686 569 mn.

1439 597 1557 662 133
1659 597 1681 640 1
1736 576 1882 662 σὺν]
1915 579 2130 643 συνὼν.

1651 682 1688 728 2
1735 662 2168 751 συνεβάλετο]
2189 665 2489 746 συνεβάλ-

1776 757 1941 814 λετο.

1646 852 1685 919 5
1735 834 1876 922 κᾶν]
1911 836 2025 900 καὶ.

1735 920 2071 1005 φιλτάτοις]
2109 923 2410 1002 φίλτατοι.

1652 1023 1685 1088 7
1735 1008 2005 1095 δίδωσιν]
2040 1008 2248 1076 διδοὺς.

1438 1111 1561 1176 134
1655 1111 1691 1158 2
1738 1094 2240 1176 ἀρχιστρατηγοῦ]
2274 1096 2487 1180 ἀρχης.

1647 1197 1687 1262 5
1734 1180 1900 1263 υμη.]
1936 1188 2060 1257 υμζ.

1654 1265 1690 1327 8
1739 1266 1886 1327 κατὰ
1944 1268 2045 1343 τῆς
2100 1266 2332 1348 χώρας]
2393 1267 2488 1331 καὶ

1781 1354 1929 1413 κατὰ
1959 1354 2033 1414 τὰ
2062 1352 2278 1434 χώρας.

1612 1453 1689 1500 12
1734 1434 1906 1520 υμη.]
1937 1442 2071 1516 υμθ.

1612 1541 1691 1601 14
1735 1523 2013 1604 ἀλλαχοῦ
2066 1523 2492 1604 ἑνδιασπαρέν·

1777 1609 1909 1694 τος]
1943 1609 2261 1691 ἀλλαχόσε
2284 1612 2485 1673 διασπ.

1615 1709 1689 1774 15
1737 1694 1770 1754 ὁ
1804 1691 1932 1777 καὶ]
1965 1696 1998 1756 ὁ
2029 1716 2150 1758 0111.

1614 1779 1688 1840 18
1735 1778 2133 1864 πειρασθεὶς,]
2165 1779 2484 1860 πειραθεὶς.

1609 1880 1688 1928 22
1737 1864 1993 1948 Πέτρος]
2033 1865 2263 1947 Πέτρος
2293 1867 2377 1929 δὲ.

1601 1968 1693 2032 34
1734 1950 1863 2013 Οὐκ
1911 1948 2019 2035 ἦν]
2096 1957 2221 2016 Τοῦ
2285 1952 2487 2015 αὐτοῦ.

1777 2035 2034 2100 Οὐκοῦν.

1734 2120 1885 2205 ἔδει]
1919 2123 2044 2199 ἕδη.

1437 2224 1512 2291 13
1516 2228 1555 2291 5
1655 2224 1687 2289 7
1737 2207 1909 2293 Πῶς]
1966 2213 2091 2271 Τοῦ
2142 2212 2486 2289 Χρυσοστό-

1775 2319 1909 2371 μου.
1976 2299 2137 2360 Πῶς.

1613 2395 1690 2441 12
1736 2376 1833 2462 β’]
1882 2379 2175 2459 δευτέρου.

1613 2482 1693 2542 14
1736 2470 1858 2530 τοῖς
1887 2465 2099 2531 ἄλλοις
2137 2465 2374 2550 ὁμοίως]
2426 2468 2487 2528 ὁ-

1775 2553 1953 2629 μοίως
1981 2557 2103 2617 τοῖς
2131 2551 2359 2619 ἄλλοις.

1602 2656 1689 2720 30
1732 2634 2115 2721 Ἀμμωνίου.]
2151 2639 2487 2718 Ἀμμωνίου

1774 2723 2208 2805 πρεσβυτέρου.

1602 2825 1686 2891 32
1734 2808 2027 2893 συνιέναι]
2067 2814 2354 2873 συνεῖναι.

1438 2896 1556 2976 136
1602 2912 1683 2977 33
1734 2894 2279 2981 ἀποκαθίστασθαι]
2333 2897 2482 2960 ἀπο-

1778 2981 2161 3045 καθίσασθαι.

1439 3081 1551 3149 137
1645 3084 1683 3147 3
1733 3063 1834 3149 ὃν]
1870 3065 1921 3129 ὃ.

1646 3153 1684 3213 6
1734 3151 1941 3234 αὐτοῦ]
1980 3154 2207 3215 ἑαυτοῦ.

1647 3257 1685 3319 9
1734 3236 2120 3321 ἐπέλαμψεν]
2215 3236 2481 3317 ἐπέλαμ-

1773 3348 1905 3385 πεν.

1610 3425 1688 3469 10
1733 3406 1870 3470 ἀλλ’
1946 3409 2477 3491 ἆπροσδιορίστως]

1775 3495 1938 3556 ἀλλὰ
1967 3498 2179 3574 προσδ.

1602 3596 1686 3661 35
1738 3579 1892 3644 εἶκος
1961 3583 2148 3645 εῑκως.

1437 3667 1553 3750 138
1649 3683 1681 3742 7
1732 3579 1935 3749 τοῦτο]
1970 3670 2142 3728 τοῦτο
2169 3668 2224 3730 ὁ.

1649 3750 1684 3811 8
1730 3752 1919 3837 παρὰ]
1955 3753 2107 3831 περὶ.

1610 3854 1685 3919 15
1732 3834 1935 3919 ὥσπερ
1963 3837 2058 3919 τὸ]
2096 3838 2171 3903 ὡς
2201 3838 2297 3899 ἐπὶ
2327 3837 2414 3900 τὸ.

1610 3924 1685 3984 18
1732 3922 2256 4005 προτρεψαμένου]
2338 3949 2480 4002 προ-

1774 4008 2174 4091 τρεψάμενον.

1606 4112 1689 4158 20
1732 4093 2076 4178 βάπτισμα]
2169 4093 2484 4172 βάπτισμα

1773 4180 2062 4259 ἡρπάζετο
2163 4179 2277 4241 ὑπὸ
2379 4185 2483 4241 τοῦ

1773 4267 2122 4345 πνεύματος,
2234 4290 2483 4344 σημειω-

1775 4350 1932 4423 τέον,
1976 4353 2039 4413 δὲ
2087 4351 2179 4414 ὅτι
2223 4353 2372 4429 μετὰ
2415 4351 2483 4413 τὸ

1775 4436 2105 4516 βάπτισμα.

1440 4541 1556 4601 140
1611 4541 1687 4599 14
1732 4521 1865 4605 τοῦ]
1899 4525 2016 4598 τῆς.

1593 4627 1629 4689 3
1670 4628 1707 4669 Κ
