3254 5211
732 379 860 446 466

734 516 834 566 ἧς.
887 516 982 555 un.

737 581 855 651 175
907 567 988 631 26
1033 567 1198 639 ὄντα,
1263 563 1504 650 σκεῦος]
1582 568 1791 632 σκεῦος
1885 512 2007 628 111886

1083 653 1247 715 ὄντα.

1041 736 1128 846 τι]
1178 739 1329 800 ἐστι.

912 824 992 889 28
1039 821 1217 906 γενη]
1269 826 1408 901 εἴδη.

912 930 991 993 29
1038 907 1259 992 ἀκμὴν]
1312 908 1524 988 amu.

742 998 864 1079 176
959 1016 987 1059 1
1039 995 1152 1058 σὺν
1180 993 1388 1078 παντὶ]
1435 994 1754 1072 συμπαντὶ.

1303 379 1792 444 VARIETAS
1840 376 2358 442 LECTIONIS

2049 512 2144 554 uu.

2095 578 2129 646 7
2182 559 2555 646 Εἰρηναίου]
2599 565 2727 625 Τοῦ
2764 563 2966 643 ἁγίου

2226 648 2567 729 Εἰρηναίου.

2182 734 2459 816 ἰδόντος,]
2520 735 2760 801 εἰδότος.

2095 840 2135 905 9
2181 822 2523 886 διαστείλας
2561 821 2594 881 ὁ
2636 818 2851 905 Θεὸς,]
2912 821 2960 881 ὅ

2226 906 2391 972 Θεὸς
2418 906 2785 973 διαστείλας.

2058 1011 2131 1058 21
2185 990 2309 1161 tls-J]
2348 993 2432 1057 εἰς
2457 989 2587 1069 τὴν.

953 1101 990 1148 2
1038 1081 1227 1145 καὶτὰ
1253 1078 1527 1165 πετεινὰ]
1564 1080 1660 1143 καὶ
1688 1105 1791 1143 πε-
1888 1079 2001 1142 181
2096 1099 2135 1162 9
2183 1079 2278 1141 καὶ
2359 1079 2454 1140 καὶ
2482 1076 2575 1139 τὸ.

1087 1170 1252 1245 τηνὰ.

954 1272 993 1336 3
1041 1252 1187 1332 ὑπὸ)
1236 1253 1377 1315 ἀπὸ.

2055 1165 2135 1231 28
2180 1169 2307 1227 Τοῦ
2336 1160 2570 1247 αὐτοῦ]
2615 1166 2740 1226 Τοῦ
2771 1168 2946 1244 Χρυ-

2224 1251 2543 1328 σοστόμου.

914 1354 989 1422 15
1035 1335 1788 1422 ἐξεστακέναι]ἐξεστάναι.
1887 1357 1913 1400 1
1926 1338 1961 1400 8
1972 1355 2006 1401 2
2059 1356 2086 1398 1
2097 1356 2136 1420 9
2179 1340 2305 1399 Τοῦ
2316 1334 2796 1418 Χρυσοπόμου.]
2810 1337 2954 1397 Τσῧ

915 1443 991 1508 23
1042 1427 1116 1487 τὰ
1176 1421 1600 1507 θεωρούμενα·]
1697 1425 1793 1488 καὶ

1084 1511 1482 1591 θεωρούντων.

912 1614 994 1677 24
1036 1594 1789 1676 προέφερον·]προε’φερον·

1087 1683 1364 1761 Μαξίμου
1397 1683 1696 1762 ἐρώτησις.

914 1782 993 1850 25
1042 1765 1238 1852 ἔθνη]
1313 1774 1435 1834 πῶς
1509 1770 1697 1831 ἐδεῖτο
1757 1769 1789 1830 ὁ

1083 1852 1315 1932 Πέτρος
1372 1857 1473 1930 τῆς
1533 1853 1630 1916 ἐπὶ
1687 1859 1791 1916 τοῦ

1082 1939 1415 2017 Κορνηλίου
1496 1940 1791 2002 ἀποκαλύ-

1079 2029 1249 2103 ψεως
1276 2025 1374 2085 διὰ
1402 2025 1475 2085 τὰ
1507 2023 1669 2102 ἔθνη.

913 2123 989 2188 27
1042 2105 1332 2191 Πέτρον]
1400 2109 1654 2189 Πέτρον.
1722 2111 1787 2173 ἆ-

1084 2195 1373 2274 πόκρισις.

1040 2279 1262 2364 ἐδεῖτο]
1313 2281 1430 2343 ἔδει
1460 2281 1543 2342 τὸ.

910 2383 993 2449 32
1039 2365 1297 2450 βουλῆς]
1344 2370 1554 2445 βολῆς.

910 2470 993 2534 35
1042 2451 1146 2536 τὰ]
1196 2456 1292 2514 διὰ
1320 2454 1412 2514 τὰ.

746 2551 861 2619 177
956 2541 991 2598 8
1042 2536 1459 2622 καταγνώμην]
1509 2542 1656 2602 κατὰ
1685 2538 1792 2618 τὴν

1083 2626 1340 2704 γνώμην.

917 2729 997 2787 14
1039 2709 1258 2793 λόγου]
1307 2713 1513 2791 λόγον.

913 2812 992 2876 29
1042 2794 1394 2900 Εὖαγρίουζ]
1496 2796 1792 2878 Εὗαγρίου

1082 2906 1372 2963 μοναχου.

744 2966 862 3048 178
958 2966 994 3027 8
1032 2964 1241 3050 Ἴσως]
1294 2972 1419 3029 Τοῦ
1448 2971 1792 3048 Χρυσοστό-

1080 3079 1211 3131 μου.
1252 3050 1448 3120 Ἴσως.

915 3155 988 3219 17
1040 3137 1109 3223 α]
1157 3141 1407 3219 πρώτου.

912 3241 992 3287 20
1039 3224 1552 3309 διεξεληλυθέναι]
1570 3226 1788 3304 -θήναι,

912 3327 992 3375 22
1040 3309 1231 3394 ὅρνις]
1280 3313 1489 3391 ὄρνεις.

913 3415 989 3476 27
1040 3395 1287 3480 εὐθέως]
1338 3398 1466 3464 ἕως.

912 3483 990 3544 28
1039 3480 1160 3564 ὅτι]
1194 3504 1319 3546 0111.

908 3584 989 3650 33
1038 3565 1391 3649 παραδοὺς,]
1418 3566 1788 3647 παραδιδοὺς.

746 3665 863 3734 179
953 3653 992 3712 6
1036 3649 1427 3735 Ἀμμωνίου.]
1453 3651 1792 3731 Ἀμμωνίου

1077 3736 1506 3817 πρεσβυτέρου.

957 3837 989 3904 7
1037 3821 1416 3907 ὀθονοειδεῖ,]
1462 3826 1787 3902 ὀθονοειδῆ.

2227 1446 2426 1484 αυτου.

2052 1528 2137 1593 3ο
2179 1511 2305 1570 Τοῦ
2334 1503 2571 1590 αὐτοῦ]
2615 1510 2740 1569 Τοῦ
2783 1504 2910 1579 X.

1887 1596 2005 1679 183
2097 1594 2138 1656 6
2180 1590 2406 1677 Τοῦτο]
2452 1593 2680 1674 Τούτῳ.

2056 1694 2132 1762 27
2182 1679 2552 1761 Εἰρηναίου]
2600 1681 2727 1740 Τοῦ
2761 1678 2944 1757 ἁγίου

2221 1765 2539 1845 Εἰρηναίου
2569 1763 2921 1826 ἐπισκόπου.

2056 1869 2135 1931 29
2180 1849 2317 1936 τοῦ]
2342 1853 2447 1913 τοῦ
2461 1850 2794 1928 πνεύματος
2809 1853 2937 1911 τοῦ.

2050 1956 2136 2021 30
2183 1934 2696 2017 ἐπαναπαύοντος]
2717 1936 2942 1998 ἐπανα-

2222 2020 2497 2087 παέντος.

1892 2109 2010 2187 184
2095 2127 2133 2192 3
2184 2105 2692 2189 ἐπαναπέπαυτο,]
2745 2107 2934 2169 ἆναπ.

2099 2212 2130 2275 7
2179 2189 2572 2276 Ἀμμωνίου.]
2596 2189 2940 2273 Ἀμμωνίου

2223 2278 2657 2358 πρεσβυτέρου.

2062 2383 2138 2428 12
2174 2361 2341 2448 Ἵνα]
2410 2369 2534 2427 Τοῦ
2582 2365 2934 2445 Χρυσοπό-

2225 2476 2359 2528 μου.
2401 2447 2561 2512 Ἵνα.

2057 2554 2136 2599 22
2181 2536 2341 2617 Τὴν]
2377 2540 2502 2598 Τοῦ
2536 2536 2737 2598 αὐτοῦ.
2781 2536 2938 2616 Τὴν.

2052 2641 2130 2706 31
2180 2627 2304 2685 Τοῦ
2328 2622 2815 2705 Χρυσοστόμου.]
2847 2631 2937 2685 ιῶ.

1889 2710 2004 2792 185
2100 2722 2132 2782 7
2178 2708 2942 2790 ΤοῦΧρυσοστόμου.]Τοῦ

2227 2819 2424 2857 αυτου.

2059 2900 2133 2965 13
2180 2885 2305 2943 Τοῦ
2336 2877 2569 2964 αὐτοῦ]
2618 2883 2743 2943 Τοῦ
2773 2884 2935 2959 Χρυ-

2226 2968 2549 3045 σοστόμου.

2055 3070 2133 3117 22
2182 3052 2525 3133 Εἰρηναίου]
2590 3054 2716 3114 Τοῦ
2758 3050 2938 3131 ἁγίου

2222 3139 2564 3217 Εἰρηναίου.

2179 3220 2626 3307 Λουγδούνων.]
2640 3224 2936 3303 Λουγδόν.

2180 3307 2488 3392 σημαίνει]
2538 3309 2870 3388 σημαίνων.

2053 3414 2133 3475 24
2180 3392 2545 3478 κατηχεΐτο,]
2593 3397 2918 3476 κατηχῆτο.

2179 3479 2290 3563 ὧν]
2343 3479 2435 3543 ὃν.

1888 3567 2002 3631 186
2091 3588 2128 3650 3
2177 3572 2302 3629 Τοῦ
2334 3567 2566 3650 αὐτοῦ]
2601 3587 2727 3628 om.

2096 3655 2131 3716 8
2179 3658 2305 3715 Τοῦ
2337 3654 2564 3736 αὐτοῦ]
2602 3673 2724 3714 om.

2056 3743 2133 3803 16
2176 3737 2563 3821 Ἀμμωνίου.]
2597 3759 2723 3800 om.

2177 3824 2488 3907 δέξασθαι]
2541 3823 2723 3902 δέξαι.

1036 3910 1074 3989 ἡ
1114 3909 1284 3990 φωνὴ
1325 3908 1511 3995 αὐτῷ]
1561 3911 1715 3996 αὐτῷ
1755 3911 1792 3989 ἡ
1887 3910 1997 3993 187
2098 3930 2124 3972 1
2179 3909 2304 3994 καὶ]
2338 3932 2464 3972 om.

1083 3995 1276 4076 φωνὴ.

1040 4080 1372 4165 ἐσήμανεν]
1425 4082 1766 4162 ἐσήμαινεν.

913 4188 983 4231 11
1038 4170 1135 4232 ἐπὶ
1164 4166 1344 4337 τρίς]
1396 4170 1664 4250 ἐπιτρεῖς.

913 4275 986 4337 13
1038 4255 1309 4335 δευτέρου
1389 4252 1475 4332 β’.

913 4361 993 4420 14
1039 4340 1273 4425 ἔθεσιν]
1324 4341 1582 4403 ἔθνεσιν.

912 4442 988 4508 15
1038 4424 1509 4509 ἐμφιλοχωρεΐν]
1562 4427 1697 4506 ε’νφ.

912 4516 985 4573 16
1035 4510 1299 4595 καθίησι]
1355 4515 1637 4590 καθείησι.

2088 4014 2127 4079 5
2179 3997 2578 4079 ἐπαγγελίαν]
2617 3965 2795 4075 gray.
2818 3994 2936 4058 sie.

2093 4099 2126 4163 7
2176 4083 2613 4169 πραττόμενον]
2672 4107 2936 4161 προτατ-

2220 4171 2493 4246 τόμενον.

2055 4274 2128 4318 12
2180 4257 2548 4339 Ναζωραῖος]
2593 4254 2931 4334 Ναζωραῖε.

2053 4356 2126 4424 15
2176 4341 2341 4417 αὐτῇ,
2426 4341 2628 4419 αὐτὴν.

2049 4446 2127 4491 22
2165 4424 2324 4535 ’ῌν]
2386 4432 2470 4504 Εξ
2495 4423 2927 4507 ἆνεπιγράφου.

2239 4518 2356 4575 Ην.
