3254 5211
780 423 907 484 428

782 557 883 606 rag.
926 556 1019 595 Lin.

1351 417 1841 481 VARIETAS
1891 417 2408 480 LECTIONIS

1923 553 2022 602 Pass.
2063 551 2156 592 Lin.

781 627 869 688 44
953 625 999 686 4
1042 604 1333 692 Σευήρου]
1378 602 1638 684 Σευήρου
1671 604 1837 684 ἆρχι-
1920 623 2005 686 49
2062 622 2137 666 10
2182 602 2626 684 Λουγδούνων-]
2710 599 3050 680 Λουγὸὥ-

1088 717 1283 754 επισκ.

1042 778 1215 858 πρὸς]
1266 776 1412 856 πρὸς
1441 774 1563 838 τόν.

955 879 995 947 5
1041 864 1196 945 Τὴν]
1265 864 1350 924 Εὖ
1400 864 1464 923 δὲ
1515 862 1610 923 καὶ
1659 861 1840 922 λύσιν

1087 949 1312 1010 ὠδίνων
1387 953 1490 1008 τοῦ
1581 945 1839 1008 θανάτου

1087 1033 1212 1110 τήν.

960 1140 993 1201 7
1043 1116 1485 1224 παρελθόντος]
1531 1122 1781 1199 προελθ.

922 1226 994 1289 13
1046 1203 1323 1286 ἀνέστης]
1379 1205 1622 1282 ἆνεστη.

919 1311 995 1374 19
1045 1291 1405 1371 εἰλημμένω]
1456 1290 1652 1367 ἠλειμ.

918 1396 1000 1457 24
1048 1379 1248 1438 καθότι
1277 1378 1414 1458 μὲν]
1468 1398 1620 1436 eras,

1044 1463 1381 1542 εὑρηθῆι·αι]
1440 1464 1636 1539 εὑρηθ.
1670 1460 1801 1539 μέν.

918 1564 991 1628 27
1046 1549 1386 1631 ἐπιβολῆς,]
1440 1549 1781 1624 ἐπιβουλῆς.

912 1653 989 1718 31
1045 1633 1333 1715 Σευήρου]
1396 1632 1657 1712 Σευήρου
1707 1633 1840 1713 ἆρχ.

1087 1717 1481 1799 Ἀντιοχείας.

785 1824 868 1886 45
970 1824 993 1865 1
1052 1803 1269 1886 καθὼς]
1313 1807 1409 1869 ὡς.

1050 1890 1322 1971 Πέτρος]
1387 1889 1636 1968 Πέτρος,
1673 1889 1839 1968 φησί.

959 1993 1003 2052 4
1047 1974 1275 2058 ἄλλως]
1326 1976 1526 2039 ἄλλως
1559 1974 1734 2058 αὐτῷ.

958 2079 995 2142 9
1049 2058 1178 2143 τὸν]
1229 2066 1360 2120 τῶν.

924 2165 1002 2223 14
1046 2150 1169 2206 Τοῦ
1203 2147 1401 2227 ἁγίου]
1439 2168 1559 2206 om.

924 2247 994 2312 17
1046 2233 1531 2340 ἐγκαταλείψεις]
1641 2233 1835 2312 ἐγκατ.

1087 2344 1213 2394 την.

784 2405 867 2481 46
965 2422 997 2465 2
1047 2404 1201 2483 νῦν]
1255 2408 1378 2464 νοῦ.

921 2508 992 2571 13
1045 2487 1272 2571 δεξιὸν]
1324 2494 1546 2564 δεξιῶν.

918 2595 991 2639 21
1044 2576 1204 2655 περὶ]
1257 2575 1388 2652 περὶ
1420 2579 1539 2651 τῆς.

916 2679 993 2724 22
1043 2661 1185 2745 οἶοι]
1238 2662 1384 2721 οἷον.

918 2764 999 2823 24
1044 2746 1143 2830 τὸ]
1193 2750 1291 2827 τῷ.

919 2850 996 2913 25
1045 2832 1182 2910 ζῶν]
1236 2832 1333 2891 ὤν.

920 2936 996 2997 29
1050 2917 1398 2997 Κυρίλλου]
1541 2919 1840 2995 Κυρίλλου

1088 3004 1218 3083 ἀρχ.
1257 3004 1693 3081 ἀλεξανὸρείας.

915 3108 985 3171 31
1047 3092 1126 3169 τι]
1182 3114 1291 3148 τοι.

956 3194 992 3256 3
1048 3175 1401 3255 Κυρίλλου]
1447 3179 1570 3234 Τοῦ
1605 3175 1804 3235 αὐτοῦ.

956 3281 993 3342 5
1045 3260 1333 3343 Σευήρου]
1386 3259 1648 3339 Σευήρου
1680 3262 1816 3341 ἆρχ.

1041 3345 1172 3428 τοῦ]
1222 3352 1358 3407 τῶν.

1043 3432 1429 3511 γριι,ψεί·τος.]
1466 3431 1836 3510 γραφέντων.

920 3536 995 3596 19
1044 3520 1370 3598 Κυρίλλου]
1392 3521 1836 3598 Κυρίλλουάρχ.
1883 3518 1886 3533 '

919 3620 997 3663 20
1046 3603 1105 3681 ὁ]
1160 3604 1249 3664 ὡς.
1881 3548 1888 3657 ¹

916 3690 993 3747 26
1044 3687 1239 3765 ἁγίου]
1280 3707 1406 3745 om.

1044 3770 1329 3853 Σευήρου]
1387 3771 1647 3851 Σευήρου
1681 3776 1815 3856 ἇρχ.

917 3859 994 3919 28
1043 3857 1457 3938 τελειωτέροι]
1552 3863 1834 3922 τελεώτε-

1083 3969 1210 4022 ρον.

920 4046 993 4114 15
1039 4031 1265 4112 Ταῦτα]
1344 4035 1426 4093 [fo.
1485 4038 1588 4093 τοῦ
1645 4039 1832 4111 Χρυσ.

1083 4122 1306 4178 Ταῦτα.

914 4222 989 4264 22
1037 4204 1407 4283 βασιλείας,]
1426 4204 1764 4279 βασιλείας,
1784 4205 1831 4263 ὁ.

913 4308 986 4371 23
1038 4291 1270 4370 αἰῶνα]
1325 4292 1508 4349 αἰῶνα
1550 4295 1654 4348 τοῦ
1698 4292 1832 4350 αἰῶ·
1875 4308 1884 4619 η

1085 4401 1203 4437 νος.

905 4480 979 4541 31
1039 4460 1256 4541 σάρκα]
1314 4459 1506 4537 σάρκα
1531 4464 1656 4519 τοῦ.

773 4568 855 4626 49
953 4565 984 4609 2
1035 4546 1195 4629 τοὺς]
1245 4546 1379 4610 τοὺς
1411 4550 1653 4609 ἄλλους.

2230 712 2354 750 νου.

2060 794 2132 860 13
2181 773 2287 837 τὸν
2318 771 2498 836 αὐτὸν
2519 772 2692 835 Θεὸν
2729 771 2844 834 καὶ
2885 775 3042 832 Σω-

2227 860 2399 943 τῆρα]
2476 858 2570 920 καὶ
2631 859 2747 920 τὸν
2815 856 3048 918 αὐτὸν

2227 945 2393 1009 Θεὸν
2425 947 2686 1023 σωτῆρα.

2063 1050 2135 1114 15
2185 1029 2573 1115 συνεβίαζον]
2624 1031 3037 1106 συνεβίβαζ.

2186 1117 2283 1198 ὃν]
2336 1117 2393 1179 ὃ.

2063 1223 2138 1285 19
2187 1203 2337 1286 οἶδε]
2389 1202 2512 1264 οἶδε
2542 1202 2654 1263 ὅτι.

2062 1308 2142 1351 20
2188 1290 2302 1371 ὅτι]
2356 1290 2446 1350 ὅτι
2480 1286 2593 1350 καί.

2189 1374 2357 1454 αὐτὸ]
2396 1395 2520 1436 om.

2061 1479 2138 1524 22
2186 1459 2473 1542 Σευήρου]
2535 1456 2800 1537 Σευήρου
2862 1457 3030 1537 ἆρχ.

2232 1547 2363 1607 ἀντ.

2063 1651 2140 1714 29
2189 1633 2400 1714 ἄλλος]
2457 1632 2643 1695 ἄλλος
2672 1626 2843 1690 ἀλλ’.

2059 1737 2142 1802 32
2192 1717 2462 1799 ἐκφύντι]
2513 1716 2713 1795 φύντι.

1928 1824 2007 1887 51
2110 1823 2137 1865 1
2189 1807 2314 1865 Τοῦ
2343 1803 2541 1884 ἁγίου]
2579 1822 2702 1862 om.

2189 1888 2682 1969 ἆρχιεπισκόπου]
2724 1907 2856 1948 om.

2102 1995 2145 2052 4
2192 1974 2593 2055 καταργεῖται]
2644 1975 2985 2052 καταργῆτ.

2101 2080 2139 2143 5
2185 2059 2512 2141 Ἐνταῦθα]
2600 2062 2724 2120 Τοῦ
2790 2063 3006 2137 Χρυσ.

2227 2144 2543 2208 Ἐνταῦθα.

2104 2253 2140 2313 9
2193 2235 2429 2315 Καλῶς]
2465 2234 2590 2294 Τοῦ
2613 2229 2816 2292 αὐτοῦ.
2874 2234 3005 2291 Κα-

2230 2324 2370 2382 λῶς.

2068 2422 2140 2467 12
2188 2408 2313 2465 Τοῦ
2355 2400 2820 2483 Χρυσοστόμου]
2867 2405 3002 2463 Τοῦ

2236 2514 2428 2550 αυτου.

2061 2594 2136 2659 31
2194 2575 2416 2658 ἕτερος]
2473 2573 2700 2653 ἑτέρως.

1930 2681 2012 2745 52
2104 2681 2140 2745 3
2189 2660 2302 2737 Ἐξ
2344 2657 2809 2743 ἆνεπιγράφου.]
2863 2665 3000 2721 Τοῦ

2233 2749 2431 2809 αὐτοῦ.

2190 2831 2626 2911 πνευματικὸνὴ
2641 2832 2986 2912 ἑκκλησία,]

2231 2920 2267 2995 ἡ
2321 2918 2607 2996 ἐκκλησία
2667 2942 2990 2996 πνευματι·

2235 3030 2355 3066 κον.

2108 3090 2146 3149 6
2193 3092 2299 3172 τῷ]
2351 3087 2435 3150 τό.

2105 3176 2141 3234 8
2191 3174 2513 3259 διαίρετον]
2562 3175 2918 3254 ἀδιαίρετον.

2070 3280 2142 3342 15
2190 3259 2429 3344 εΑγίου]
2467 3283 2590 3322 om.

2066 3364 2142 3409 22
2190 3345 2703 3426 τετελειωμένους]
2789 3352 2984 3408 τελει-

2234 3433 2536 3511 συμένους.

2067 3536 2140 3598 27
2193 3517 2569 3602 ῌαρελλίου]
2619 3519 2934 3596 σαβελίου.

1931 3624 2010 3686 53
2065 3622 2144 3681 24
2191 3606 2507 3687 τοιοῦτον,]
2563 3610 2806 3665 τοιοῦτο.

1930 3708 2009 3772 57
2069 3710 2145 3752 10
2192 3690 2285 3773 δὲ]
2322 3712 2446 3751 om.

1929 3779 2011 3859 58
2110 3796 2132 3836 1
2188 3776 2418 3859 χωλὸς]
2467 3774 2669 3857 χολός.

2063 3881 2134 3924 21
2191 3861 2448 3945 ἐκείνου]
2501 3864 2778 3927 ἐκείνους.

2056 3967 2143 4031 34
2191 3947 2368 4033 ἰδεῖν]
2421 3953 2566 4029 ἰδεῖν
2599 3950 2726 4031 εἷςςᾏ
2831 4022 2840 4025 ,

1926 4052 2009 4117 59
2101 4055 2143 4112 4
2187 4037 2311 4095 Τοῦ
2351 4029 2795 4114 Χρυσοστόμου.
2850 4034 2975 4095 Οὐκ

2233 4120 2398 4181 εἶπεν
2428 4123 2519 4180 ὅτι
2559 4125 2661 4181 τοῦ
2704 4121 2974 4200 ἀργυρίου

2228 4211 2439 4288 πολλῷ
2470 4203 2720 4283 βέλτιόν
2760 4231 2853 4266 σοι
2886 4208 2970 4266 δι’-

2231 4298 2391 4369 ὃωμι·
2449 4294 2610 4353 ἀλλὰ
2655 4293 2729 4353 τί·
2788 4294 2850 4352 ἐν
2889 4296 2967 4373 τῷ

2228 4376 2471 4454 ὀνόματι
2491 4376 2691 4454 Ἰησοῦ
2718 4382 2966 4456 Χριστοῦ

2226 4469 2329 4523 τοῦ
2379 4464 2740 4541 Ναζωραίου·
2787 4463 2962 4542 ἔγειρε

2230 4549 2322 4609 καὶ
2354 4549 2679 4627 περιπάτει.

2663 4720 2722 4729 --ἦ
