3254 5211
758 345 885 404 434
1329 353 1814 423 VARIETAS
1865 362 2289 431 LECTION
2296 369 2379 433 IS

776 478 808 515 P
864 507 874 518 .
911 480 1005 519 Llu.
2004 530 2014 540 .
2063 501 2156 542 nn.

766 489 884 607 12⁸0
937 551 1010 613 15
1058 533 1278 619 λόγου]
1310 540 1560 618 βίβλου.
1593 548 1727 626 λόγ.
1754 573 1813 628 γ.
1911 498 2029 628 52⁸6
2121 571 2157 615 2
2200 553 2528 639 ἦνωμένης]
2564 559 2903 640 ἡνομένης.

936 637 1010 699 19
1060 621 1372 709 ἐνόμισας]
1408 629 1717 706 ἐνόμισαν.
2112 655 2153 720 5
2201 640 2525 730 ἀδύνατον]
2558 645 2920 728 ἀμήχανον.

933 722 1006 787 23
1056 705 1438 794 ἡγησάμεθα]
1488 716 1810 794 -σάμενος,
1904 737 2021 804 147
2081 743 2151 807 13
2202 727 2551 807 ῖσοδυναμοῖ
2609 736 2947 812 -ὃυναμεῖ,

932 807 1013 866 24
1058 791 1154 873 δὲ]
1190 795 1401 858 δὲκαὶ.
2075 808 2154 870 18
2198 813 2565 893 ἁρπαγέντες
2647 820 2976 900 ἁρπαγέν-

923 893 1010 956 34
1052 876 1232 961 μετὰ]
1265 902 1388 943 om.
2236 921 2334 963 τες
2360 923 2447 962 τε.

1049 965 1364 1040 μετανοίας
1435 970 1531 1032 καὶ
1608 974 1807 1052 ἐπιμε-
2071 999 2149 1065 25
2197 985 2559 1075 συμφώνως]
2629 991 2980 1071 wudu-'wos-

1092 1050 1289 1133 λείας]
1344 1054 1684 1133 ἐπιμελείας
1716 1062 1810 1124 καὶ
2237 1067 2343 1131 sic·

1088 1140 1496 1215 μεταμελείας.
1602 1190 1647 1240 ,ὃ
2069 1156 2152 1216 26
2196 1155 2316 1238 καὶ]
2357 1157 2452 1219 καὶ
2482 1159 2532 1220 ὁ.

755 1233 867 1291 141
930 1234 1009 1293 14
1056 1221 1326 1309 Κύριον]
1376 1227 1532 1292 ὅπως
1559 1255 1656 1308 μη.
2063 1255 2148 1320 32
2194 1238 2330 1324 τὴν]
2365 1263 2490 1304 om.

924 1302 1003 1362 18
1041 1304 1800 1396 ἆφωσιωμένως]ἇφοσίως.
1896 1339 2010 1405 151
2071 1344 2148 1407 19
2193 1330 2318 1388 Τοῦ
2350 1328 2583 1412 αὐτοῦ]
2632 1335 2761 1395 Τοῦ
2793 1338 2968 1415 Χρυ-

752 1405 868 1463 142
928 1407 1005 1468 14
1047 1395 1171 1453 Τοῦ
1204 1395 1432 1479 αὐτοῦ]
1486 1404 1611 1463 Τοῦ
1650 1407 1801 1482 Χρυ-
2232 1416 2554 1493 σοστόμου.

1086 1482 1405 1557 σοστόμου.
2062 1511 2137 1576 27
2187 1494 2328 1580 Ἐν]
2373 1503 2500 1562 Τοῦ
2530 1501 2730 1565 αὐτοῦ.
2795 1502 2947 1570 Ἐν.

750 1576 864 1640 143
958 1561 995 1620 6
1043 1564 1281 1649 πρώτῳ]
1317 1565 1392 1630 α’.

919 1663 992 1727 15
1039 1648 1351 1735 Σευῆρον]
1400 1656 1659 1736 Σευήρου
1699 1661 1797 1739 ἆρ-

1081 1742 1473 1814 χιεπισκόπου
1565 1744 1795 1807 Ἀντιο-

2054 1600 2136 1665 33
2184 1586 2309 1646 Τοῦ
2361 1585 2539 1649 αὐτοῦ
2593 1590 2657 1651 ἐκ
2703 1595 2820 1653 τοῦ
2875 1596 2967 1660 εἷς

2227 1669 2334 1747 τὴν
2370 1669 2468 1749 νβ’
2500 1674 2776 1762 ὁμιλίαν]
2822 1683 2964 1741 Τοῦ

2898 1769 2928 1784 αι

2226 1760 2655 1838 Χρυσοστόμου
2717 1763 2783 1825 ἐκ
2851 1789 2961 1844 της

1083 1821 1253 1898 χείας
1339 1826 1404 1885 ἐκ
1476 1831 1574 1904 τῆς
1649 1831 1796 1910 πρὸς
2227 1841 2313 1907 εἷς
2344 1840 2395 1904 ν’
2425 1846 2660 1922 ὁμιλίας
2687 1845 2777 1925 β’.

1091 1908 1549 1972 Κωνσταντίνον
1586 1916 1703 1977 ἀπὸ
1733 1920 1792 1979 ὑ·
1884 1941 2004 2005 152
2050 1944 2132 2008 33
2183 1927 2439 2016 Σαοὺλ,]
2473 1953 2597 1993 om.

1078 1989 1281 2053 πάτων
1314 1995 1652 2076 ἐπιστολῆς.
1885 2028 1999 2092 153
2093 2031 2137 2088 4
2180 2011 2247 2073 τὸ
2312 2036 2433 2077 om.

912 2086 982 2148 17
1034 2071 1131 2156 δὲ]
1165 2096 1291 2139 om.
2091 2116 2130 2179 5
2182 2099 2245 2159 δὲ
2312 2100 2406 2162 καὶ

910 2173 989 2235 24
1037 2165 1139 2221 τοῦ
1172 2160 1320 2247 τῶν]
1354 2168 1591 2232 τούτων.
2094 2182 2129 2242 8
2178 2184 2295 2246 ἀπὸ
2345 2190 2617 2276 γενετῆς]
2667 2192 2938 2272 ἀπογεν-

908 2260 982 2324 27
1034 2246 1409 2335 ὑπομείνας,]
1470 2257 1790 2336 ὑπομείνας

1076 2338 1353 2413 σταῦρον.

895 2433 973 2495 31
1030 2415 1323 2504 ἔχουσαν]
1360 2423 1606 2507 ἔχουσα.

1033 2501 1157 2585 καὶ]
1195 2507 1308 2568 ἵνα.

896 2603 981 2668 32
1028 2591 1358 2668 χαρίσεται.
1434 2600 1775 2681 χαρίσηται.

734 2686 851 2745 144
906 2691 982 2733 10
1028 2677 1362 2753 Εἰρηναίου.
1452 2689 1575 2745 Τοῦ
1606 2690 1779 2768 ἁγίου

1069 2763 1771 2850 ΕἰρηναίουΛουγὸώνου.

904 2861 974 2924 13
1024 2848 1347 2933 Χριστόν·]
1378 2874 1497 2914 om.

1025 2932 1310 3019 κλίματα]
1346 2940 1599 3017 κλίματα
1629 2948 1747 3021 τῆς.

908 3030 976 3091 14
1020 3018 1226 3101 τοῦτο]
1260 3022 1435 3086 τοῦτ’.

1020 3102 1196 3187 ὅπερ]
1231 3108 1375 3188 ὅπερ
1407 3112 1594 3178 αὐτὸς.

1018 3186 1156 3271 τὸν]
1196 3197 1333 3254 τῶν.

892 3289 967 3353 25
1021 3278 1375 3362 Κυρίλλου.]
1427 3288 1550 3345 Τοῦ
1597 3287 1768 3366 ἁγίου

1061 3365 1359 3440 Κυρίλλου
1420 3371 1483 3430 ἐκ
1532 3375 1637 3432 τοῦ
1689 3376 1768 3439 εἰς

2050 2373 2130 2432 14
2171 2295 2533 2442 βλῖἐζτῖῗτες]
2554 2362 2934 2439 βλέπωντες.

2051 2441 2126 2501 16
2172 2441 2559 2584 ἡμεῖς]ἥὴμῆς.

2048 2604 2120 2671 17
2169 2590 2301 2676 ἦτε]
2335 2593 2452 2658 εἶτε
2485 2595 2651 2680 (sic).

2042 2693 2123 2736 20
2170 2681 2477 2764 Διδύμου.]
2518 2687 2814 2764 Μαξίμου.

2047 2780 2125 2825 22
2174 2764 2351 2827 αὐτὸν
2417 2769 2610 2832 αὐτοῦ.

2040 2865 2123 2925 24
2171 2850 2350 2913 αὐτὸν
2415 2854 2611 2917 αὐτοῦ.

1869 2945 1993 3013 154
2080 2954 2118 3017 3
2169 2935 2524 3024 Εὐσεβίου.]
2617 2943 2931 3023 Εὗσεβίου

2209 3023 2535 3088 ἐπισκόπου
2562 3024 2841 3109 Ἐμέσης.

2076 3107 2115 3165 6
2161 3103 2326 3182 ᾔδειν
2347 3112 2394 3192 ;]
2445 3109 2608 3191 ᾗδην.

1865 3201 1983 3269 155
2037 3193 2116 3251 26
2164 3194 2283 3275 καὶ]
2320 3217 2446 3257 om.

2164 3280 2447 3366 Rauda-v]
2496 3285 2743 3348 Κανόσι·
2783 3296 2924 3353 τοῦ-

2200 3389 2265 3425 το
2298 3368 2361 3428 δὲ
2406 3368 2661 3448 γέγονεν
2702 3377 2800 3437 διὰ
2843 3378 2922 3439 τὸ

2199 3450 2453 3531 σπάνην.

1858 3533 1978 3612 156
2065 3554 2109 3610 4
2153 3540 2276 3597 Τοῦ
2307 3538 2543 3645 αῦτοῦ.]
2586 3547 2708 3607 Τοῦ
2751 3551 2911 3627 Χρυ-

2195 3646 2513 3702 σοστομου.

2067 3705 2102 3765 8
2149 3705 2405 3785 ῥήματα]
2444 3713 2736 3792 ὀνείρατα.

2028 3807 2097 3871 17
2147 3797 2271 3853 Τοῦ
2303 3795 2535 3882 αὐτοῦ]
2581 3806 2706 3863 Τοῦ
2746 3809 2912 3885 Χρυ-

2192 3883 2511 3959 σοστόμου.

1850 3975 1963 4040 157
2025 3980 2101 4038 14
2145 3968 2270 4025 Τοῦ
2299 3966 2534 4051 αὐτοῦ]
2577 3975 2702 4033 Τοῦ
2737 3979 2902 4055 Χρυ-

2186 4054 2507 4131 σοστόμου.

1058 3445 1163 3507 τὸν
1206 3447 1474 3516 Ἠσαίαν
1509 3459 1762 3539 συντάγ-

1054 3555 1253 3604 ματος.

886 3626 960 3688 27
1014 3618 1311 3701 κουρίδας]
1361 3626 1627 3703 κουρίδας
1666 3630 1764 3691 αὐ-

1051 3722 1196 3765 τοις.

883 3798 961 3862 29
1010 3784 1433 3876 ἀντιλοιὸόρει]
1470 3796 1670 3862 ἆντελ.

876 3885 961 3949 32
1010 3870 1140 3932 ἀντὶ
1170 3881 1274 3935 τοῦ
1306 3880 1627 3960 ἐπαίρεται,
1665 3888 1759 3949 καὶ

1047 3958 1396 4041 ὑψηλοτέρα
1468 3975 1585 4031 τῶν
1662 3974 1758 4036 ἐπὶ

1048 4047 1155 4121 γῆς.
1205 4047 1371 4110 ἐστὶν
1416 4054 1448 4129 ἡ
1492 4055 1603 4133 ζωὴ
1651 4059 1752 4121 αὖ-

1045 4133 1193 4213 τοῦ,]
1234 4131 1367 4196 haec
1397 4159 1517 4201 om.
2016 4149 2096 4209 24
2141 4138 2265 4196 Τοῦ
2298 4138 2530 4225 αὐτοῦ]
2568 4147 2690 4204 Τοῦ
2731 4149 2807 4206 Χ.

708 4222 821 4290 145
875 4228 944 4273 21
1000 4219 1212 4301 ποῖος,]
1252 4220 1469 4289 ὁποῖος.
2008 4236 2096 4299 34
2143 4220 2264 4326 καξ]
2303 4223 2399 4329 Καὶ»
2427 4225 2516 4322 Tb·-

875 4312 949 4378 27
1000 4300 1129 4363 Τοῦ
1195 4305 1402 4392 αὐτοῦ]
1491 4315 1751 4395 Σευήρου
1845 4301 1962 4382 158
2060 4324 2085 4364 J
2142 4306 2266 4409 ἐίῥ]
2307 4309 2382 4371 ἐπ’
2431 4312 2600 4393 (Slc.)
2809 4403 2825 4423 l

1042 4387 1505 4469 ἆρχιεπισκόπου
1560 4398 1748 4465 Ἀντι-
2137 4415 2235 4467 7719
2266 4400 2533 4477 σφοδρᾶς
2574 4424 2897 4476 μετανοίας

1041 4476 1245 4553 οχείας
1277 4479 1358 4539 ἐκ,
2180 4478 2275 4540 καὶ
2300 4485 2619 4567 νηστείας·]
2655 4490 2758 4564 τῆς
2785 4515 2894 4566 με-
