3254 5211
1057 423 1515 490 MONITUM
1570 425 1998 491 LECTORI.
2582 442 2628 492 v

420 624 466 659 “
505 584 736 709 quam·
757 617 1119 713 integram
1163 619 1441 691 edimus
1481 620 1699 691 infra.
1804 621 2283 714 Subsequitur
2321 617 2628 709 ἀποδημία

419 748 465 781 “
501 738 760 810 Παύλου
794 746 899 810 τοῦ
945 738 1143 833 ἁγίου,
1175 743 1661 838 peregrinatio
1711 766 1838 814 seu
1874 744 2339 814 Itinerarium
2381 743 2627 815 Sancti

422 872 467 905 “
506 864 739 947 Pauli,
774 873 863 935 ut
893 864 1105 935 initio
1138 866 1314 936 editi
1347 868 1774 938 OEcumenii.

701 1094 745 1126 “
774 1082 1074 1158 Catenoe
1107 1084 1185 1156 in
1227 1085 1422 1159 Acta
1455 1085 1575 1158 hic
1608 1086 1864 1160 titulus
1887 1089 2340 1186 proefigitur.

522 1246 567 1278 “
592 1232 919 1330 Ἑρμηνεῖα
967 1243 1081 1306 τῶν
1116 1239 1399 1333 Πράξεων
1446 1247 1553 1310 τοῦ
1595 1236 2036 1334 Χρυσοστόμου
2088 1236 2193 1311 καὶ
2242 1240 2446 1335 ἑτέρων
2496 1241 2627 1312 δια-

420 1370 466 1401 “
501 1357 753 1454 φόρων.”
838 1361 1033 1431 Tum
1080 1363 1458 1458 subjungit
1496 1366 1759 1435 Montf.
1796 1366 2104 1437 indicem
2140 1367 2542 1436 Auctorum
2586 1390 2624 1435 e

419 1486 682 1578 quibus
734 1485 1040 1556 conflata
1086 1494 1195 1556 est
1239 1487 1391 1557 haec
1427 1488 1719 1559 Catena.
1826 1488 1928 1558 Et
1977 1499 2139 1580 post
2192 1490 2625 1581 Martyrolo-

421 1611 624 1707 gium
659 1612 993 1703 Apostoli
1024 1612 1258 1696 Pauli,
1286 1614 1487 1683 addit
1512 1615 1828 1684 “Altera
1863 1624 2034 1684 nota
2068 1615 2143 1684 in
2174 1617 2311 1683 fine
2341 1615 2624 1685 Codicis

422 1744 466 1777 “
501 1737 767 1826 scripta
819 1737 1080 1806 horum
1138 1737 1834 1807 Commentariorum
1890 1737 2303 1807 Collectoris
2365 1761 2624 1808 nomen

420 1868 464 1899 “
499 1860 768 1930 indicat
803 1870 873 1931 et
907 1861 1008 1931 Sic
1041 1862 1277 1933 habet.
1378 1858 1633 1954 Ἀνδρέου
1669 1861 1731 1931 δὲ
1774 1868 1876 1932 τοῦ
1912 1860 2160 1933 ε’λεεινοῦ
2210 1859 2313 1932 καὶ
2349 1870 2625 1934 ταπεινοῦ

421 1993 465 2025 “
498 1987 908 2080 πρεσβυτέρου
939 1993 1044 2056 τοῦ
1088 1983 1525 2081 συναγαγόντος
1561 1981 1664 2057 καὶ
1699 1986 2100 2081 παραθεμένου
2133 1987 2247 2066 τὰς
2285 1987 2626 2084 ἐμφερομέ-

419 2117 464 2148 “
498 2139 602 2188 νας
628 2115 707 2208 τῇ
730 2105 947 2206 βίβλῳ
974 2109 1168 2206 ταύτῃ
1195 2108 1604 2206 παραγραφὰς
1634 2109 1689 2181 οἷ
1721 2109 2175 2205 ἐντυγχάνοντες
2204 2110 2622 2207 ὖπερείκχεσθε,

420 2241 463 2272 “
501 2226 594 2302 ἵνα
627 2233 656 2302 ὅ
691 2228 845 2312 Θεὸς
879 2233 1210 2327 δωρῆσηται
1255 2232 1414 2330 αὐτῷ
1451 2230 1615 2311 ἔλεος
1660 2232 1717 2304 ἔν
1760 2241 1837 2331 τῇ
1878 2241 2119 2331 φοβερᾷ
2163 2231 2268 2305 καὶ
2307 2236 2624 2333 ἀδεκάστφ

421 2364 465 2399 “
501 2364 611 2442 τῆς
652 2354 903 2453 κρίσεως
936 2358 1149 2453 ἡμέρᾳ·
1203 2365 1535 2452 παρακαλῶ
1582 2356 1645 2428 ὃέ
1692 2355 1828 2434 τοὺς
1872 2360 2217 2452 γράφοντας
2262 2358 2485 2446 ταύτην
2519 2361 2623 2447 τὴν

422 2488 466 2525 “
502 2474 754 2564 βίβλον,
781 2475 883 2551 καὶ
912 2481 1015 2567 τὴν
1039 2480 1418 2574 προκειμένην
1445 2479 1625 2574 εὐχὴν
1650 2481 1815 2573 μετὰ
1840 2484 2277 2576 παρακλήσεως
2306 2486 2599 2556 τάσσετε.

757 2716 800 2748 “
828 2705 932 2778 In
976 2704 1431 2804 Opus-culum
1467 2704 1853 2802 Pamphili
1885 2706 2289 2800 Martyris,

522 2863 563 2895 “
590 2855 799 2926 Hanc
857 2860 1157 2947 opellam
1217 2880 1366 2925 esse
1418 2880 1580 2925 vere
1632 2854 1996 2946 Pamphili
2051 2857 2424 2949 MartyriS,
2478 2882 2622 2929 non

421 2986 465 3018 “
499 2989 606 3050 est
638 2984 828 3073 quod
866 2981 1297 3050 dubitemus,
1403 2980 1593 3049 Nam
1646 2980 1719 3048 in
1758 3004 1841 3048 eo
1882 2980 2028 3050 fere
2066 2990 2288 3051 totam
2333 2992 2620 3053 aetatem

420 3113 463 3144 ‘⁶
498 3105 835 3175 contrivit
876 3105 947 3175 S.
979 3105 1289 3196 Martyr,
1327 3113 1409 3172 ut
1446 3104 1839 3194 Scripturae
1877 3105 2113 3174 Sacrae
2147 3105 2366 3174 libros
2402 3130 2621 3175 manu

420 3237 464 3268 ‘⁴
499 3252 629 3299 sua
661 3229 1112 3311 describeret,
1140 3237 1428 3297 ornaret
1455 3228 1687 3297 titulis
1719 3237 1932 3319 atque
1960 3227 2286 3312 scholiis,
2310 3238 2392 3298 ut
2417 3232 2621 3300 docet

416 3361 462 3391 ‘⁶
503 3352 991 3445 Hieronymus
1034 3353 1122 3421 de
1166 3352 1648 3443 Scriptoribus
1693 3352 2234 3423 EcclesiasticiS.
2340 3354 2621 3424 Iudicat

417 3485 460 3516 “
495 3476 669 3547 item
698 3486 867 3547 nota
896 3477 1178 3548 Codicis
1207 3477 1373 3547 RR.
1402 3477 1548 3545 ΡΡ.
1572 3477 1619 3545 J
1625 3478 2041 3560 esuitamm,
2065 3479 2190 3571 qui
2220 3480 2618 3570 Prophetas

418 3609 462 3641 “
502 3625 743 3671 omnes
778 3602 1140 3686 continet;
1191 3601 1444 3671 asserit
1478 3603 1762 3669 demum
1797 3601 2299 3696 Calligraphus
2338 3605 2618 3673 Codicis

418 3733 461 3763 ‘⁶
497 3725 961 3795 vetustissimi
1011 3726 1231 3819 hujus
1288 3723 1758 3793 Bibliothecae
1811 3746 2006 3792 num.
2062 3725 2289 3793 CCII.
2340 3727 2461 3816 qui
2527 3730 2616 3796 ad

419 3857 463 3888 “
499 3853 756 3920 calcem
792 3850 1287 3941 Epistolarum
1326 3850 1397 3919 S.
1428 3849 1637 3918 Pauli
1688 3849 1791 3917 ait
1838 3873 1911 3918 se
1960 3851 2163 3918 illum
2210 3852 2443 3940 ipsum
2485 3854 2620 3921 Co-

417 3982 462 4015 “
498 3975 723 4044 dicem
762 3974 1143 4044 contulisse
1190 3974 1265 4042 in
1304 3973 1756 4042 Bibliotheca
1792 3974 2219 4044 Caesariensi
2267 3999 2429 4044 cum
2477 3977 2617 4044 alio

418 4105 462 4137 ‘⁶
499 4098 775 4181 Codice,
817 4097 945 4189 qui
996 4096 1221 4187 ipsius
1278 4095 1641 4185 Pamphili
1701 4119 1919 4164 manu
1975 4109 2306 4166 exaratus
2359 4098 2614 4167 fuerat.

419 4230 463 4261 “
499 4222 614 4292 Ad
667 4223 823 4293 haec
877 4245 1044 4291 vero
1096 4219 1599 4313 Calligraphus
1651 4219 1770 4287 ille
1827 4220 1902 4288 in
1953 4232 2123 4289 nota
2174 4245 2323 4304 sua,
2372 4224 2615 4291 eadem

417 4355 461 4386 “
496 4348 829 4439 loquendi
856 4347 1165 4417 formula
1195 4368 1416 4436 eaque
1453 4368 1595 4413 non
1623 4344 1906 4437 vulgari
1942 4345 2193 4424 utitur,
2216 4370 2378 4436 quae
2406 4345 2618 4413 initio

417 4481 460 4516 “
496 4473 817 4564 opusculi
860 4472 1222 4565 sequentis
1259 4481 1696 4560 usurpatum
1753 4470 2119 4554 nimirum,
2156 4467 2289 4564 παρ’
2326 4463 2396 4537 ‹252›
2430 4470 2619 4537 ἀπάν-
