3254 5211
911 416 1115 479 COD.
1166 416 1462 480 COISL.
1511 417 1739 481 XXV.
2295 421 2421 487 447

260 549 486 599 magun.

1536 551 1631 592 un.

240 617 355 685 -54
408 616 484 663 12
528 602 1111 680 ΤοῦΧρυσοστόμου.
1115 602 1282 685 ]Τοῦ
1364 553 1492 686 366
1537 621 1624 685 30
1668 602 1874 712 χάριν]
1911 602 2091 686 χάριν
2118 609 2245 666 τοῦ.

573 686 771 748 αὐτοῦ.

408 786 480 852 17
529 769 918 857 ’.Αμμωνίου]
944 768 1281 852 Ἀμμωνίου

572 855 1005 937 πρεσβυτέρου.

245 957 353 1027 55
409 962 479 1005 11
529 942 820 1049 ἤγουν]”
780 968 818 1021 η
847 941 896 1005 τ’
930 943 1052 1007 οὖν.

408 1029 484 1091 16
531 1026 668 1138 ἀφ’]
702 1027 820 1109 ἐφ’.

240 1129 349 1197 357
447 1129 480 1194 7
527 1141 607 1193 μη
637 1114 852 1224 πάλιν]
884 1113 1072 1178 πάλιν
1098 1114 1196 1194 μὴ

402 1218 475 1265 21
526 1205 651 1262 Τοῦ
683 1200 883 1263 αὐτοῦ.
891 1200 917 1283 ]
965 1204 1090 1263 Τοῦ
1124 1205 1279 1282 Χρυ-

572 1286 889 1364 σοστόμου.

402 1389 481 1453 29
525 1368 797 1478 Ἐπειδὴ]
886 1376 1011 1435 Τοῦ
1080 1373 1275 1435 αὐτοῦ.

567 1454 828 1535 Ἐπειδὴ.

240 1587 258 1622 ,
238 1542 352 1626 58
445 1557 479 1622 7
525 1547 650 1604 Τοῦ
661 1546 1106 1623 Χρυσοστόμου.
1112 1545 1278 1628 ]Τοῦ

572 1627 769 1690 αὐτοῦ.

401 1730 483 1792 24
525 1717 652 1775 Τοῦ
681 1714 906 1797 αὐτοῦ]
954 1720 1082 1779 Τοῦ
1117 1720 1273 1796 Χρυ-

570 1801 890 1878 σοστόμου.

397 1901 473 1966 31
524 1886 1137 1969 ΤοῦΧρυσοστόμου.]
1151 1891 1275 1949 Τοῦ

569 1969 746 2032 αὐτοῦ
776 1969 981 2034 πάλιν.

276 2056 341 2117 51
402 2055 477 2117 18
526 2057 610 2120 είς
677 2058 758 2121 εἷς
787 2055 909 2118 τὸν.

400 2143 477 2205 26
527 2054 639 2303 ἐκέ
656 2141 794 2204 ἀπὸ.

398 2244 477 2308 29
525 2225 592 2287 δέ
628 2227 842 2309 ονται·]
895 2227 1191 2305 δέξωνται.

526 2312 673 2397 ἐγὼ]
710 2314 828 2391 ἐγὼ
859 2315 989 2393 γὰρ.

285 2416 347 2462 )2
441 2414 478 2459 2
525 2397 733 2479 αὐτὸν]
771 2399 982 2460 αὐτῶν.

439 2499 472 2563 7
522 2485 647 2544 Τοῦ
676 2482 910 2566 αὐτοῦ]
943 2488 1067 2545 Τοῦ
1098 2489 1207 2565 Χρ.

402 2589 428 2631 1
449 2588 472 2630 1
524 2571 650 2631 Τοῦ
679 2569 902 2653 αὐτοῦ]
938 2567 1276 2649 Ἀμμωνίου

566 2653 995 2735 πρεσβυτέρου.

398 2758 478 2824 29
523 2737 877 2819 Ἀμμωνίου.
885 2742 910 2824 ]
937 2740 1274 2820 Ἀμμωνίου

566 2826 996 2906 πρεσβυτέρου.

268 2914 344 2994 63
404 2931 477 2973 12
522 2915 648 2974 Τοῦ
676 2913 904 2994 αὐτοῦ]
939 2917 1063 2975 Τοῦ
1094 2918 1206 2993 Χρ.

397 3014 477 3060 22
523 2995 1104 3077 ΤοῦΧρυσοστόμου.
1110 2999 1275 3081 ]Τοῦ

567 3082 764 3145 αὐτοῦ.

269 3169 350 3247 64
437 3186 475 3251 3
525 3168 680 3250 Οὐκ]
716 3173 840 3229 Τοῦ
872 3168 1064 3231 αὐτοῦ.
1120 3169 1269 3233 Οὐκ.

439 3272 473 3333 7
522 3254 903 3359 προνομίαν·]
958 3253 1018 3316 in
1076 3277 1269 3340 marg.

565 3336 869 3417 πρόνοιαν.

394 3442 467 3488 21
518 3421 906 3510 Ἀμμωνίου.]
936 3422 1272 3504 Ἀμμωνίου

565 3510 995 3590 πρεσβυτέρου.

397 3610 471 3676 25
519 3592 859 3678 Ῥωμαῖον,]
954 3593 1269 3675 Ῥωμαῖον,

567 3704 680 3740 και.

273 3765 345 3845 65
444 3764 479 3825 8
524 3761 896 3909 Ῥωμαίους,]
932 3763 1272 3843 Ῥωμαίους,

567 3874 640 3910 κα
668 3896 682 3909 .

398 3953 421 3994 1
443 3953 464 3994 1
523 3933 795 4015 Παῦλος]
831 3955 951 3995 om.

397 4037 473 4081 12
519 4018 693 4100 πρὸς]
730 4017 877 4098 πρὸς
907 4018 1030 4080 τὸν.

396 4123 473 4182 14
518 4102 819 4186 Ῥωμαῖοι]
859 4106 1139 4185 ῥωμαιον.

392 4207 467 4270 27
520 4190 735 4251 Οὐκέτι
816 4196 940 4252 Τοῦ
989 4191 1159 4268 ἁγίου
1206 4194 1270 4250 {a}

562 4280 665 4336 τοῦ
815 4274 1109 4338 .Οὐκέτι.

1361 690 1488 772 367
1582 709 1622 774 3
1672 686 1977 797 Σευήρουῧ
2011 689 2273 770 Σωήρον
2298 690 2418 753 ἕπε-

1709 771 1935 837 σκόπου
1966 775 2288 854 Γαβάλων.

1542 880 1569 924 1
1587 881 1608 923 1
1665 859 2110 946 προσποιεῖται]
2143 886 2323 942 προπ.

1543 948 1620 1009 16
1670 944 2086 1024 κεκονιαμένος
2135 947 2275 1030 εἵη,]
2329 948 2417 1024 εἴη

1709 1030 2142 1110 κεκονιαμένος.

1543 1118 1617 1181 18
1667 1116 2149 1264 ἆμφάῖἅάλλεται]
2233 1119 2415 1200 ἀμφι-

1707 1209 1753 1281 β
1881 1228 1933 1265 ει

1545 1309 1619 1372 19
1669 1287 1980 1371 ἑλέγχθη]
2019 1289 2258 1373 ἐλέχθη.

1538 1391 1618 1437 20
1664 1375 1796 1457 τοῦ]
1833 1395 1957 1436 om.

1667 1457 1930 1540 ἐλέγξαι,
1937 1457 1965 1544 ]
2000 1461 2242 1544 ἐλέγξαι
2269 1462 2411 1525 ὑπο-

1709 1570 1918 1626 κρισιν.

1537 1648 1612 1695 21
1664 1630 1732 1692 τὸ
1767 1629 2129 1739 κολαστέον]
2162 1634 2244 1717 τῷ
2277 1639 2408 1695 κολ.

1536 1734 1617 1800 25
1662 1714 2049 1799 Ἀμμωνίου.]
2077 1694 2413 1796 Ἀμμωνίου

1707 1802 2135 1882 πρεσβυτέρου.

1531 1905 1619 1971 30
1662 1887 1816 1970 Τοῦ]
1861 1892 1987 1950 Τοῦ
2016 1889 2188 1968 ἁγίου
2214 1886 2413 1951 Ἰωάν-

1709 1997 1813 2035 νου
1843 1975 1963 2034 τοῦ.

1358 2076 1396 2141 3
1405 2057 1485 2120 68
1540 2077 1612 2142 13
1661 2062 1786 2121 Τοῦ
1798 2063 1847 2119 Χ
1852 2054 2276 2141 ρυσοστόμου.]
2291 2063 2415 2122 Τοῦ

1541 2230 1617 2290 16
1662 2168 2046 2373 ’Χῇμίιυνίοιὲ
2077 2226 2412 2306 Ἀμμωνίου

1535 2399 1612 2462 ..
1660 2320 1977 2504 Τῐεῑᾞξῑ-
2008 2337 2180 2477 εῖτ..
2206 2395 2407 2462 Ἰ...

1705 2508 1810 2546 νου
1841 2489 1961 2546 τοῦ.

1530 2588 1610 2654 33
1664 2568 2009 2652 ἐπιστολῆς]
2049 2568 2350 2647 επιστολὴ.

1356 2656 1482 2741 369
1574 2659 1612 2718 8
1660 2653 2076 2738 ἀναστάσεως]
2187 2657 2406 2720 ἆνανα-

1701 2740 1991 2805 στάσεως.

1536 2846 1611 2909 15
1661 2829 2020 2912 διασπασθῇ,
2023 2826 2053 2936 J
2089 2829 2404 2904 διασπαθῆ.

1532 2929 1608 2996 23
1657 2910 1813 2996 Τοῦ]
1858 2916 1984 2974 Τοῦ
2012 2912 2184 2993 ἁγίου
2211 2911 2410 2975 Ἰωάν-

1702 3021 1807 3059 vov
1836 3001 1961 3060 Τοῦ.

1355 3099 1484 3167 370
1536 3100 1604 3143 11
1662 3081 1867 3164 αὐτοῦ]
1904 3083 2083 3145 αὐτοῦ
2110 3081 2314 3145 πάλιν.

1525 3184 1610 3250 32
1654 3171 1780 3229 Τοῦ
1809 3168 2033 3250 αὐτοῦ]
2084 3171 2208 3228 Τοῦ
2239 3168 2409 3248 ἁγίου

1697 3251 1980 3315 Ἰωάννου
2022 3256 2128 3315 τοῦ
2170 3258 2407 3333 Χρυσο-

1704 3335 1947 3416 στόμου.

1352 3442 1389 3507 3
1402 3440 1435 3504 7
1449 3442 1473 3484 1
1570 3441 1608 3506 3
1656 3427 1780 3485 Τοῦ
1790 3419 2271 3506 Χρυσοστόμου.]
2284 3426 2408 3486 Τοῦ

1704 3509 1882 3570 αὐτοῦ
1911 3508 2115 3570 πάλιν.

1573 3611 1606 3675 7
1658 3591 1866 3676 αὐτοῦ]
1904 3593 2080 3654 αὐτοῦ
2108 3592 2313 3657 πάλιν.

1534 3700 1612 3759 14
1655 3678 2041 3764 Ἀμμωνίου.]
2072 3676 2408 3758 Ἀμμωνίου

1698 3762 2125 3843 πρεσβυτέρου.

1534 3867 1607 3930 15
1659 3848 1851 3932 εἶπον]
1893 3847 2083 3911 εἶπαν.

1530 3952 1606 4017 23
1656 3938 1780 3995 Τοῦ
1811 3933 1950 4015 Χρ.]
1985 3937 2110 3995 Τοῦ
2141 3935 2309 4016 ἁγίου
2340 3936 2407 3996 ἷῶ

1700 4023 1803 4079 τοῦ
1837 4024 1944 4099 Χρ.

1535 4121 1608 4184 27
1657 4101 2040 4184 Ἀμμωνίου.]
2071 4103 2406 4181 Ἀμμωνίου

1698 4186 2131 4268 πρεσβυτέρου.

1353 4292 1480 4358 372
1534 4293 1608 4356 15
1655 4272 1808 4358 Τοῦ]
1842 4274 2016 4336 Tofi‘
1988 4274 2158 4354 αγίου
2190 4280 2256 4335 ιῶ
2282 4277 2401 4335 τοῦ.

1529 4377 1600 4423 21
1656 4358 1785 4443 τῆς]
1821 4363 1924 4420 τοῦ
1957 4356 2060 4423 εἷς.

1353 4460 1478 4528 373
1569 4465 1613 4523 4
1656 4449 1779 4507 Τοῦ
1793 4444 2237 4523 Χρυσοστόμου.
2245 4441 2405 4528 ]Τοῦ

1701 4531 1872 4610 ἁγίου
1905 4536 1988 4593 ιώ.

272 4360 344 4420 66
392 4377 473 4423 20
518 4359 756 4442 τάφοις]
817 4360 1041 4442 τοίχοις
1093 4374 1155 4423 et
1206 4358 1268 4421 in

560 4467 753 4530 marg.
788 4445 1016 4527 τάφοις.

390 4530 468 4593 28
516 4530 632 4615 τις]
667 4556 738 4593 τι.
