3254 5211
722 320 853 382 440

744 453 776 491 P
882 453 978 492 121.

728 464 855 585 2486
947 522 983 569 2
1024 500 1461 672 &poh6yovv3
1453 502 1546 581 ὀμ.

903 608 983 653 10
1024 587 1362 669 Ἀμμωνίου
1444 585 1783 666 Ἀμμωνίου

1069 673 1505 756 πρεσβυτέρου.

902 779 984 826 20
1029 758 1241 845 οὕτως]
1289 760 1474 825 οὗτος.
1557 782 1560 786 ’

895 866 982 932 30
1024 845 1399 928 βλαβέντας]
1417 842 1778 924 βλέποντας.

728 947 849 1014 247
905 952 979 1016 15
1024 928 1458 1038 Ἀμμωνίου.’]
1466 932 1783 1009 Αμμωνίου

1068 1013 1502 1097 πρεσβυτέρου.

908 1120 977 1185 17
1026 1108 1212 1166 ταῦτα
1287 1101 1507 1188 ἑαυτῷ]
1594 1104 1782 1187 ἑαυτῷ

1070 1195 1273 1252 ταῦτα.

904 1295 977 1340 21
1031 1277 1088 1337 οἱ
1119 1273 1319 1359 νόμοι]
1368 1276 1400 1336 6
1434 1272 1633 1354 νόμος.

729 1363 851 1442 248
907 1381 983 1426 12
1026 1366 1151 1424 Τοῦ
1164 1358 1610 1441 Χρυσοστόμου.
1620 1359 1782 1445 ]Τοῦ

1077 1448 1273 1510 αὐτοῦ.

903 1553 983 1599 20
1029 1531 1210 1615 Εἶτα]
1263 1537 1388 1595 Τοῦ
1433 1529 1780 1612 Χρυσοστό-

1070 1645 1204 1696 μου.
1252 1617 1422 1681 Εἶτα.

733 1723 854 1789 249
904 1723 978 1767 21
1034 1702 1390 1787 Κυρίλλου.]
1442 1707 1566 1766 Τοῦ
1612 1705 1784 1785 ἁγίου

1078 1792 1408 1869 Κυρίλλου.

903 1894 981 1940 22
1030 1874 1356 1958 κατῆλθον]
1408 1878 1720 1951 κατῆλθεν.

902 1980 983 2039 24
1028 1959 1165 2042 τὰς]
1215 1985 1279 2022 τε
1308 1963 1432 2025 τὰς.

730 2061 858 2131 250
910 2066 983 2131 13
1030 2044 1138 2152 ‘9]
1171 2050 1295 2108 Τοῦ
1327 2043 1780 2125 Χρυσοστόμου.

907 2220 982 2282 16
1027 2215 1640 2300 ΤοῦΧρυσοστόμου.]
1659 2223 1782 2279 Τοῦ

1074 2330 1273 2368 αυτου.

733 2408 767 2453 2
771 2411 846 2474 51
947 2411 984 2473 9
1032 2388 1348 2473 γενέσθαι]
1398 2394 1744 2466 δηλοῦσθαι.

900 2497 976 2539 10
1020 2475 1170 2560 γὰρ]
1217 2478 1333 2555 γὰρ
1363 2480 1483 2552 τῆς.

1030 2561 1533 2643 ἀναγινώσκηται]
1579 2561 1784 2643 ἀναγι-

1075 2649 1382 2710 νῶσκεται.

907 2752 981 2797 12
1030 2734 1425 2798 θεόπνευστος
1453 2732 1578 2815 καὶ]
1611 2754 1736 2794 om.

899 2837 981 2903 32
1028 2824 1152 2881 Τοῦ
1195 2819 1416 2924 αὐτοῦ]
1468 2824 1591 2880 Τοῦ
1622 2825 1779 2898 Χρυ-

1074 2902 1397 2982 σοστόμου.

732 3006 855 3076 252
913 3011 985 3053 10
1029 2988 1458 3099 Ἀμμωνίου.]’
1465 2994 1780 3070 Αμμωνίου

1074 3074 1506 3157 πρεσβυτέρου.

910 3181 982 3225 12
1028 3162 1397 3247 περιτομης·]
1446 3166 1644 3242 τομῆς.

903 3267 980 3333 29
1026 3247 1783 3332 ΤοῦΧρυσοστόμου.]Τοῦ

1073 3360 1270 3396 αυτου.

731 3438 851 3504 253
950 3440 977 3482 1
1029 3424 1154 3483 Τοῦ
1185 3420 1421 3504 αὐτοῦ]
1467 3425 1591 3483 Τοῦ
1632 3417 1757 3493 >Ῑ<.

946 3506 981 3567 8
1032 3505 1367 3589 Κυρίλλου]
1432 3511 1556 3568 Τοῦ
1609 3509 1780 3585 ἁγιόυ

1076 3594 1394 3668 Κυρίλλου.

910 3694 980 3757 13
1033 3671 1384 3756 ἐπιτιθέναι]
1434 3677 1748 3738 -τίθεσθαι,

905 3778 980 3844 23
1028 3757 1453 3845 Ἀπόστολοι·]
1484 3759 1779 3824 Ἀπόστο-

1074 3853 1191 3907 λοι·
1270 3846 1436 3925 ἔδοξε
1496 3852 1574 3931 τῷ
1636 3850 1781 3930 ἁγίῳ

1072 3932 1377 4011 πνεύματι·
1414 3936 1554 3996 ἄιλλἾ
1578 3935 1690 4014 ὅρα
1714 3934 1780 3995 τὸ

1074 4015 1467 4098 ἐπαγόμενον,
1503 4020 1597 4082 καὶ
1645 4021 1783 4099 ἡμῖν

1071 4103 1184 4185 γάρ
1230 4112 1438 4185 φησιν·
1504 4107 1618 4185 ἄρα
1678 4107 1784 4169 οὖν

1074 4190 1198 4252 θεοὶ
1228 4192 1286 4253 οἱ
1316 4189 1666 4254 ἀπόστολοι.

1031 4275 1162 4358 τῆς]
1210 4281 1312 4355 τῆς
1345 4278 1536 4357 ἁγίας.

901 4379 983 4443 33
1032 4361 1167 4445 τοῦ]
1215 4368 1317 4424 τοῦ
1348 4365 1541 4443 ἁγίου.

902 4465 987 4529 34
1034 4446 1403 4531 αὐθεντίαν,]
1459 4451 1674 4513 -τείαν.

1295 315 1784 381 VARIETAS
1831 315 2258 384 LECTION
2263 316 2348 381 IS

1869 450 1996 586 ΞΡΞἍ
2027 450 2124 586 ΗΞ
2168 498 2500 586 ὄμότιμοε]

2212 592 2369 660 θεοῦ,
2403 584 2540 651 ἀλλ’
2589 587 2672 654 ὣς
2720 585 2994 668 ὑπηρέ-

2209 698 2313 752 της
2342 678 2481 737 θεοῦ
2511 675 2610 737 καὶ
2639 675 2986 753 Σαμουήλ

2212 763 2293 843 τῷ
2323 763 2438 844 θεῷ
2471 784 2584 842 ουχ
2615 760 2701 826 ὥς
2733 758 2982 839 ‹sydra-

2205 870 2340 924 μσς.

2083 930 2124 993 6
2168 930 2501 1003 αὗθεντίαν,
2581 933 2810 994 Ἠτείαν

2038 1034 2122 1101 32
2165 1014 2518 1095 Ἀμμωνίου.
2583 1013 2972 1095 Ἀμμωνισυ

2209 1099 2644 1184 πρεσβυτέρου.

1869 1206 1990 1273 255
2048 1208 2120 1273 13
2168 1189 2304 1269 περὶ
2335 1187 2638 1273 Μάρκου.]
2670 1186 2964 1268 ὃιαβάρ-

2214 1300 2342 1337 κον.

2043 1379 2124 1425 22
2168 1356 2394 1444 Τοῦτο]
2417 1364 2543 1422 Τοῦ
2561 1365 2676 1441 Χρ.
2704 1365 2962 1424 Τοῦτο.

2044 1450 2124 1509 26
2168 1442 2571 1530 Ἀντιοχειας]
2646 1443 2960 1528 ’.Αντιοχ

2214 1536 2280 1596 ἐκ
2306 1536 2429 1610 τῆς.

2168 1615 2637 1701 ”Αναστάσιον]
2643 1626 2959 1681 Αναστα-

2211 1708 2375 1767 σίαν.

1866 1792 1991 1874 256
2079 1808 2117 1873 3
2161 1787 2555 1898 Ἀμμωνίου.]
2581 1787 2950 1869 ’νιίπυΑμμω

2208 1872 2640 1956 πρεσβυτέρου.

1867 1961 1988 2045 258
2087 1981 2114 2023 1
2163 1958 2752 2042 ΤοῦΧρυσοσ-τόμου.
2759 1958 2943 2046 ]Τοῦ

2210 2048 2413 2110 αὐτοῦ.

2035 2151 2118 2216 33
2168 2130 2265 2216 δὲ]
2296 2155 2422 2196 om.

1871 2234 1992 2302 259
2083 2219 2122 2281 6
2168 2218 2330 2298 οἶμαι
2361 2221 2426 2281 δὲ
2461 2221 2634 2281 τοῦτο
2662 2216 2933 2298 γράφειν

2212 2305 2416 2378 αὐτὸν,
2458 2303 2564 2388 δι’]
2610 2303 2732 2367 οἶδε
2773 2303 2927 2384 γρά·

2211 2399 2353 2471 φειν
2380 2396 2555 2453 τοῦτο
2585 2390 2726 2452 αὐτὸ
2760 2388 2864 2452 δι’.

2085 2476 2121 2539 8
2166 2474 2521 2556 Ἀμμωνίου.
2532 2474 2928 2559 ]Ἀμμωνίου

2211 2560 2640 2644 πρεσβυτέρου.

2047 2667 2125 2729 14
2169 2650 2463 2761 ὑποταγῆ]
2515 2651 2812 2734 ἆποταγῇ.

2047 2736 2122 2797 18
2171 2735 2307 2820 ουν]
2356 2714 2446 2798 ου.

2045 2842 2066 2883 1
2082 2842 2119 2904 9
2169 2819 2535 2908 ἐκπλήξεως]
2586 2819 2863 2898 ἐπιπλήξ.

1868 2912 1993 2971 260
2085 2926 2120 2970 2
2167 2905 2352 2990 ὁρῶι]
2386 2929 2513 2968 om.

1869 2999 1990 3060 262
2044 2996 2120 3055 16
2165 2992 2271 3077 ἢν]
2317 2994 2407 3071 ἦς.

2645 498 2998 611 ὁμότιμος

2045 3095 2115 3161 17
2164 3079 2605 3189 ufttjlftuolpwv]
2692 3085 2915 3160 μεμψι-

2209 3190 2426 3245 μυρων.

2042 3268 2123 3330 24
2170 3248 2406 3334 ἕνεκεν]
2460 3250 2663 3315 ἕνεκεν
2691 3252 2747 3313 6.

2042 3351 2117 3417 27
2171 3335 2295 3421 καὶ]
2329 3358 2453 3399 om.

1869 3424 1989 3507 263
2081 3441 2120 3505 5
2169 3421 2515 3506 ὦς’-νόμῳ·

2042 3528 2119 3593 25
2166 3510 2529 3572 Ἀθανασίου
2584 3444 2914 3572 Οἰ’-λθανασ,

2214 3597 2278 3656 ἐκ
2308 3599 2430 3673 τῆς.

2171 3678 2613 3765 Ναυατιανοὺς]
2660 3684 2914 3742 Ναυατι-

2215 3792 2380 3830 ανου.

2044 3852 2122 3915 26
2170 3851 2584 3930 ὀνομάσαντας
2635 3851 2914 3931 καθαροὺς

2211 3942 2463 4017 βιβλίου
2485 3936 2673 4018 λόγου
2696 3935 2808 4019 β’]
2853 3939 2911 3999 ὀ-

2214 4025 2590 4103 νομάσαντος
2620 4021 2802 4104 λόγου
2828 4020 2906 4099 β’.

2168 4110 2461 4216 κωλύετε]
2512 4110 2814 4174 κωλύεται.

1872 4194 1998 4273 264
2083 4215 2127 4273 4
2168 4193 2562 4280 Ἀμμωνίου.]
2585 4194 2907 4275 Ἀμμωνίου

2215 4279 2646 4363 πρεσβυτέρου.

2173 4366 2495 4477 Δόγματα]
2548 4364 2783 4448 Δόγμα.

2171 4453 2239 4515 οὐ
2267 4451 2366 4536 τὸ]
2415 4457 2585 4518 οὕτω.
