3254 5211
1043 398 1251 463 COD.
1301 396 1599 463 COISL.
1646 395 1877 462 XXV.

382 536 481 586 1³⁸3.
518 535 614 576 un.

363 604 494 669 314
543 602 620 669 27
667 584 775 668 μὴ]
823 584 904 664 μὴ
935 584 1065 668 ἔχη·

362 690 489 756 315
541 691 617 756 23
654 670 777 778 *HJ
802 668 1137 750 Ἀμμωνίου
1156 676 1420 752 πρεσβυ-

707 781 901 838 τερου.
935 753 1047 819 *H.

363 857 488 927 317
584 861 620 908 2
668 839 1056 929 κατέχουσιν]
1088 862 1212 903 om.

578 947 617 1012 3
667 926 827 1013 οἷον]
875 928 1005 990 οἶοι.

665 1013 799 1096 τὰς]
834 1035 959 1076 om.

574 1119 619 1179 4
662 1096 698 1178 ἢ
743 1099 1002 1182 γουνία]
1064 1099 1311 1178 γουννία
1354 1110 1416 1159 et

704 1183 767 1246 in
802 1206 997 1268 marg.
1029 1182 1248 1245 eadem
1289 1204 1416 1245 ma-

705 1290 830 1331 nu:
909 1295 1002 1349 γρ.
1064 1269 1161 1331 καὶ
1232 1267 1417 1349 ἤγουν

706 1355 825 1417 οἶα.

542 1459 617 1524 15
657 1441 690 1501 6
713 1440 1166 1503 Κωνσταντίνου
1186 1438 1416 1504 πόλεως

684 1522 1079 1610 Ἐπίσκοπος]
1112 1546 1233 1586 om.

541 1621 611 1689 17
660 1605 1046 1693 Ἀμμωνίου]
1080 1609 1416 1689 Ἀμμωνίου

704 1692 1131 1776 πρεσβυτέρου.

540 1780 614 1843 18
662 1780 795 1864 οὐκ]
847 1783 975 1862 οὐχ.

664 1865 1038 1951 ἐπορκισταὶ]
1117 1867 1214 1929 ἐπὶ
1281 1866 1410 1947 ὀρχ.

711 1951 872 2033 (sic).

660 2037 966 2118 ἑπόρκιζον
1015 2037 1117 2119 τὰ]
1185 2037 1412 2117 ἐπορκί-

701 2130 896 2196 ζοντα.

538 2226 612 2288 19
658 2212 738 2292 τῷ
768 2208 1035 2290 ὀνόματι]
1078 2207 1147 2270 τὸ
1178 2208 1387 2286 ὄνομα.

535 2310 613 2373 29
661 2294 950 2371 ἀρνεῖται]
999 2294 1264 2372 ἆρνηται.

529 2396 610 2460 33
660 2377 821 2462 οἶδά]
870 2379 1003 2440 οἶδα
1030 2380 1160 2456 μὲν.

357 2463 484 2547 318
573 2482 612 2545 5
661 2462 873 2547 οὕτως]
923 2464 1111 2528 οὗτος.

355 2569 483 2632 319
537 2567 610 2633 13
656 2546 1044 2633 Ἀμμωνίου]
1077 2546 1412 2629 Ἀμμωνίου

700 2633 1129 2715 πρεσβυτέρου.

538 2736 606 2800 17
656 2720 956 2802 τοσοῦτοι]
1007 2722 1312 2783 τοσοῦτον.

532 2824 614 2868 20
659 2807 963 2888 τοιούτων]
1017 2811 1305 2868 τοιοῦτον.

530 2908 607 2973 23
660 2890 1017 2974 κτήσωνταί]
1070 2894 1392 2954 κτίσονται.

355 2992 483 3057 320
541 2996 611 3039 12
660 2975 1049 3062 κατασκευῆς]
1074 3001 1408 3057 παρασκευ·

699 3066 767 3139 ῆς
798 3064 862 3124 ἐκ
891 3065 1013 3138 τῆς.

659 3147 958 3230 ἔχοντας]
1012 3147 1261 3229 ἔχοντας
1291 3146 1407 3209 καὶ.

534 3252 606 3315 13
659 3234 1030 3315 καταλύετο]
1071 3233 1382 3295 ἐκωλύετο.

533 3320 609 3380 18
657 3317 988 3402 προλήψει]
1039 3317 1407 3399 προσλήψει.

529 3422 611 3468 20
656 3402 990 3482 Ἀμμωνίου
1072 3400 1405 3484 πρεσβυτέ-

695 3516 822 3570 ρου.
896 3489 1268 3569 Σημειωτέον
1321 3490 1409 3552 ὅτι

697 3576 1001 3656 προφήτης
1043 3575 1119 3653 ἦν
1159 3576 1192 3636 6
1238 3579 1404 3637 nafi-

697 3667 823 3732 λος,
856 3663 1261 3742 προαγγείλας
1319 3662 1409 3723 ὅτι

697 3749 793 3807 δεῖ
831 3748 1120 3810 ἀπελθεῖν
1168 3749 1250 3812 εἰς
1291 3744 1404 3809 Ἰε-

694 3831 1006 3910 ρουσαλὴμ
1037 3832 1131 3894 καὶ
1164 3834 1247 3897 εἰς
1267 3829 1407 3894 Ῥώ-

697 3941 832 3993 μην·

351 4018 470 4084 321
533 4019 610 4062 10
653 4006 778 4063 Τοῦ
810 4000 1036 4083 αὐτοῦ]
1087 4005 1211 4062 Τοῦ
1255 4007 1408 4081 Χρυ-

699 4086 1017 4164 σοστόμου.

528 4191 611 4252 24
652 4169 1044 4255 Ἀμμωνίου]
1068 4171 1405 4251 Ἀμμωνίου

693 4255 1125 4338 πρεσβυτέρου.

527 4357 605 4427 25
654 4341 907 4426 ἐδεδείη]
958 4345 1221 4407 ἐδεδείει.

350 4446 477 4511 322
531 4449 610 4508 14
653 4434 778 4492 Τοῦ
808 4430 1003 4492 αὐτοῦ.
1039 4426 1228 4534 ‘'Opa]
1279 4433 1405 4492 Τοῦ

696 4515 1146 4596 Χρυσοστόμου.
1218 4516 1401 4595 Ορᾶς.

2433 397 2563 462 445

1609 562 1620 574 .
1676 533 1772 574 mn.

1501 533 1632 669 32⁸2
1675 602 1761 669 32
1803 581 2143 663 Ἀμμωνίου
2220 580 2556 664 πρεσβυτέ-

1847 694 1977 750 ρου.
2041 669 2286 732 Τούτων
2334 667 2402 732 ἔν
2442 691 2559 731 τινι

1852 756 2063 818 ἑαυτοῦ
2098 754 2387 833 ἐπιστολῇ
2416 751 2560 833 μέμ-

1852 864 2020 917 νηται
2089 841 2122 901 6
2196 840 2553 907 ἀπόστολος·

1850 925 2010 1003 πλὴν
2042 925 2137 987 καὶ
2166 925 2202 1004 ἦ
2233 925 2434 1005 γραφὴ
2458 925 2559 988 αὗ-

1852 1016 1976 1077 τοῖς
2002 1017 2301 1091 μαρτυρεῖ,
2342 1011 2432 1073 ὅτι
2460 1013 2558 1074 διὸ

1850 1095 1958 1173 τὴν
2004 1098 2207 1160 πίστιν
2259 1097 2355 1160 καὶ
2408 1097 2557 1160 ἐκιν-

1850 1181 2164 1244 δύνευσαν.

1503 1284 1630 1351 323
1720 1285 1760 1350 3
1801 1265 2558 1347 ΤοῦΧρυσοστόμου.Τού-

1851 1376 1970 1414 των
1981 1387 2059 1400 -
2077 1350 2552 1437 ἐκινδύνευσαν]

1850 1436 1969 1499 hoc
1999 1435 2186 1499 schol.
2218 1458 2342 1500 om.

1684 1541 1765 1601 14
1808 1522 1941 1605 Μὴ]
1991 1526 2116 1584 Τοῦ
2145 1523 2342 1585 αὐτοῦ.
2389 1522 2516 1602 Μὴ.

1502 1627 1637 1692 324
1684 1627 1759 1692 13
1805 1605 2196 1693 Ἀμμωνίου]
2220 1606 2556 1689 Ἀμμωνίου

1847 1691 2273 1775 πρεσβυτέρου.

1501 1797 1629 1861 325
1723 1778 1759 1840 8
1805 1783 1931 1842 Τοῦ
1954 1779 2178 1862 αὐτοῦ]
2219 1784 2343 1843 Τοῦ
2364 1786 2551 1861 Χρυσ.

1681 1880 1756 1944 17
1806 1865 2230 1948 ὃιαθηλασθαι]
2273 1867 2551 1931 -λασθὲν.

1684 1969 1706 2010 1
1722 1952 1757 2010 8
1802 1947 2450 2033 Ἰσιὸὥρου]Ἰσιδῶρου
2469 1954 2555 2030 ἐξ.

1679 2053 1760 2098 20
1805 2036 2006 2118 τινὲς]
2058 2037 2234 2109 τινὲς,
2268 2039 2352 2100 δὲ.

1678 2139 1755 2204 23
1802 2122 2553 2206 Acowerofisquasinomen

1845 2205 2198 2290 proprium.

1499 2291 1631 2374 326
1718 2310 1757 2372 9
1801 2295 1927 2352 Τοῦ
1959 2292 2189 2378 αὐτοῦ]
2235 2296 2361 2355 Τοῦ
2388 2298 2497 2373 Χρ.

1678 2393 1754 2459 23
1801 2374 2149 2459 ὑπήκουον]
2198 2377 2479 2455 ὑπήκοον.

2239 2467 2364 2526 Τοῦ
2393 2469 2507 2546 Χρ.

1498 2478 1621 2543 327
1677 2479 1760 2539 24
1801 2466 1927 2524 Τοῦ
1957 2462 2191 2634 αὐτοῦ]

2215 2545 2553 2630 Ἀμμωνίου

1497 2565 1623 2631 329
1678 2567 1749 2609 11
1800 2545 2154 2626 Ἀμμωνίου.

1841 2632 2274 2714 πρεσβυτέρου.

1799 2718 1904 2781 τὸν
1950 2721 2321 2798 καλούμενον
2369 2723 2551 2788 Εὔτυ-

1839 2805 2005 2891 χον]
2034 2806 2306 2888 Εὔτυχον
2323 2809 2431 2873 τὸν
2454 2835 2552 2872 κα-

1838 2892 2151 2970 λούμενον.

1493 2993 1624 3058 330
1667 2994 1746 3059 31
1797 2973 2552 3060 Ἀμμωνίου]Ἀμμωνίου

1836 3062 2267 3143 πρεσβυτέρου.

1490 3165 1612 3230 331
1669 3163 1742 3208 21
1796 3145 1929 3230 τοῦ]
1977 3151 2097 3224 τῆς.

1489 3248 1617 3316 332
1669 3251 1748 3316 29
1793 3231 2183 3317 Ἀμμωνίου]
2213 3230 2552 3316 Ἀμμωνίου

1838 3317 2268 3399 πρεσβυτέρου.

1712 3417 1745 3482 7
1799 3401 1864 3487 6]
1898 3425 2021 3465 om.

1670 3509 1751 3552 10
1797 3489 1971 3573 αὐτῷ·
2043 3490 2248 3574 ἑαυτῷ.

1669 3592 1750 3653 24
1793 3573 1967 3658 λήψῃ
2035 3575 2207 3660 λήψῃ
2239 3575 2355 3639 καὶ.

1666 3662 1745 3723 26
1792 3662 2252 3743 ὑποστίξαντας]
2311 3660 2548 3741 στίξαν-

1836 3771 1956 3810 τας.

1488 3849 1524 3913 3
1531 3849 1618 3913 34
1668 3848 1746 3915 29
1791 3829 2406 3939 ΤοῦΧρυσοστόμου]
2422 3839 2547 3898 Τοῦ

1835 3941 2034 3978 αυτου.

1663 4018 1743 4084 33
1792 3998 2183 4087 Ἀμμωνίου]
2209 4002 2545 4083 Ἀμμωνίου

1830 4089 2265 4168 πρεσβυτέρου.

1790 4171 1987 4258 λάβῃ]
2034 4173 2239 4251 λάβοι.

1486 4276 1610 4340 335
1669 4274 1743 4340 15
1788 4263 1914 4321 Τοῦ
1944 4259 2176 4345 αὐτοῦ]
2223 4265 2349 4322 Τοῦ
2389 4266 2541 4340 Χρυ-

1838 4342 2156 4422 σοστόμου.

1667 4431 1743 4490 18
1791 4429 2175 4515 ἆποθανεῖτε]
2191 4431 2541 4512 ἆποθανῆτε.

1666 4517 1744 4578 26
1791 4512 1981 4598 ἡμῖν]
2016 4515 2194 4593 ἡμῶν.

1491 3422 1617 3487 333
