3254 5211
665 381 793 444 430

753 547 764 558 .
793 517 889 556 mn.

664 518 750 652 17,ιέ
801 587 872 630 11
924 563 1086 649 Οὐκ]
1130 569 1256 629 Τοῦ
1286 565 1485 630 αὐτοῦ.
1532 567 1682 632 Οὐκ.

797 657 877 716 26
922 657 1049 715 Τοῦ
1080 652 1315 734 αὐτοῦ]
1350 674 1475 715 om.

668 742 749 822 76
842 738 879 800 8
928 736 1024 822 ἐκ]
1059 739 1125 800 ἐκ
1154 744 1258 800 τοῦ
1280 738 1715 818 ὑπομνήματος.

799 844 881 890 20
926 823 1358 908 Εὗαγγελίου.]
1446 824 1717 905 Εὐαγγέ-

966 917 1101 971 λιον
1129 911 1463 989 ὑπόμνημα.

669 1010 745 1077 77
837 1014 875 1079 3
928 996 1030 1078 Εἰ]
1079 1000 1204 1057 Τοῦ
1235 996 1434 1057 αὐτοῦ.
1482 998 1580 1059 Εἰ.

802 1101 870 1143 11
924 1086 1049 1143 Τοῦ
1078 1080 1229 1166 Χρ.]
1279 1082 1397 1144 Καὶ
1435 1081 1623 1145 πάλιν
1656 1083 1721 1144 ἐκ

968 1172 1073 1229 τοῦ
1105 1169 1189 1232 εἷς
1217 1166 1285 1229 τὸ
1312 1170 1459 1230 κατὰ
1481 1173 1584 1230 τοῦ
1608 1173 1718 1247 Χρ.

927 1251 1273 1339 Ματθαῖον]
1296 1258 1611 1317 Ματθαῖον
1633 1254 1722 1316 εὐ-

971 1338 1279 1419 αγγέλιον.

671 1426 749 1506 78
842 1424 878 1486 8
925 1429 1051 1487 Τοῦ
1084 1423 1312 1511 αὐτοῦ]
1354 1429 1480 1486 Τοῦ
1511 1429 1623 1505 Χρ.

796 1529 880 1593 32
926 1511 1374 1597 Λουγδούνων.]
1408 1512 1719 1592 Λούγδων.

672 1611 750 1679 79
839 1616 878 1679 5
929 1595 1023 1680 ὃν]
1066 1617 1190 1659 om.

802 1701 883 1744 20
929 1681 1169 1766 Πατὴρ]
1218 1681 1428 1763 Πατὴρ
1458 1687 1580 1745 τοῦ.

801 1787 883 1846 24
926 1770 1057 1851 τοῦ]
1093 1790 1217 1830 om.

802 1871 879 1936 25
930 1852 1231 1937 Πατέρος]
1279 1856 1520 1933 πατρός.

672 1939 756 2001 80
850 1959 876 2001 1
930 1939 1033 2025 ὡς]
1088 1940 1165 2004 ὡς
1197 1940 1313 2000 καί.

840 2042 880 2108 5
929 2024 1217 2106 δίδονται]
1269 2023 1555 2087 δέδονται.

845 2129 882 2192 9
932 2109 1289 2195 ἐπισκόπου]
1339 2112 1573 2192 ἆρχιεπ.

930 2193 1102 2278 Πῶς]
1151 2201 1293 2260 Πῶς
1323 2196 1456 2277 γάρ.

811 2300 877 2342 11
933 2284 1156 2360 κόσμου
1180 2282 1227 2364 ;]
1279 2282 1526 2362 γένους;

806 2385 883 2451 25
933 2369 1066 2451 Εἰς]
1117 2373 1241 2430 Τοῦ
1274 2366 1726 2449 ἃγίουἈθανα-

975 2456 1130 2516 σίου.
1182 2456 1301 2518 Εἷς.

803 2554 877 2619 27
932 2538 1096 2624 Οὐχ]
1134 2542 1437 2620 Κυρίλλου
1461 2537 1720 2621 ἆρχ.Ἀ·

974 2628 1378 2705 λεξανδρείας.
1427 2628 1578 2707 Οὐχ.

800 2730 875 2793 31
921 2710 1306 2774 Ἀθανασίου.
1358 2711 1726 2775 Ἀθανασίου

976 2799 1113 2878 ἆρχ.
1144 2796 1293 2859 Ἀλε
1338 2845 1349 2857 .

676 2883 749 2944 81
848 2902 885 2962 9
934 2880 1168 2965 Οὕτως]
1216 2889 1340 2945 Τοῦ
1372 2889 1563 2963 Χρυσ.
1601 2883 1722 2945 Οὔ-

976 2993 1107 3033 τως.

812 3052 883 3115 18
931 3055 1083 3140 Τοῦ]
1132 3061 1255 3117 Τοῦ
1289 3056 1487 3117 αὐτοῦ.
1532 3057 1677 3114 Τοῦ.

810 3159 884 3220 19
934 3140 1143 3221 Διατί]
1165 3146 1289 3203 Τοῦ
1308 3142 1501 3203 αὐτοῦ.
1530 3140 1723 3202 Διατί.

675 3226 755 3289 82
805 3243 876 3286 21
932 3228 1422 3310 ἇρχιεπισκόπου]
1461 3248 1586 3288 om.

677 3312 754 3395 83
811 3331 878 3372 11
931 3318 1056 3374 Τοῦ
1089 3314 1284 3375 αὐτοῦ.
1355 3335 1478 3374 om.

810 3398 884 3458 16
932 3403 1056 3459 Τοῦ
1087 3400 1282 3463 αὐτοῦ.
1375 3403 1501 3462 Τοῦ
1532 3404 1724 3477 Χρυσ.

677 3482 759 3560 84
856 3502 879 3543 1
934 3490 1056 3546 Τοῦ
1086 3483 1571 3565 Χρυσοστόμου.]
1604 3490 1728 3547 Τοῦ

979 3595 1177 3631 αυτου.

812 3672 890 3731 14
932 3659 1057 3715 Τοῦ
1092 3653 1323 3737 αὐτοῦ]
1370 3659 1493 3717 Τοῦ
1524 3661 1639 3734 Χρ.

809 3756 891 3816 24
936 3740 1243 3825 ἀργυρίου]
1295 3742 1567 3821 ἀργύρου.

810 3840 888 3906 25
939 3824 1064 3908 καὶ]
1116 3828 1211 3888 καὶ
1243 3830 1296 3889 ὁ.

811 3913 890 3971 26
937 3911 1147 3995 τιθεὶς]
1199 3916 1336 3978 θείς.

680 3998 760 4081 85
855 4000 893 4059 6
939 4002 1064 4060 Τοῦ
1095 3996 1326 4080 αὐτοῦ]
1377 4004 1501 4060 Τοῦ
1531 4005 1642 4078 Χρ.

812 4085 889 4146 28
936 4082 1356 4167 Ἀθανασίου]
1468 4083 1729 4147 Ἀθανα-

983 4173 1114 4233 σίου
1158 4173 1222 4233 ἐκ
1255 4175 1351 4247 τῆς
1382 4172 1513 4250 περὶ
1552 4196 1728 4233 ναυα-

980 4257 1249 4321 τιαννοὺς
1278 4257 1507 4336 βίβλου
1545 4260 1734 4337 λόγου

809 4446 894 4509 30
940 4429 1459 4515 ‹fv11eq5mm5crare‚]
1559 4456 1730 4493 συνε-

985 4515 1455 4593 φοβηθήσονται.

1235 377 1723 444 VARIETAS
1773 377 2195 444 LECTION
2202 377 2287 442 IS

1808 515 1905 565 1²⁸8·
1934 515 2028 555 nn.

1809 566 1891 650 85
1936 585 2016 652 33
2069 562 2445 650 Διονυσίου]
2538 562 2882 627 Διονυσίου

2112 653 2305 714 ἑπισκ.
2327 647 2533 726 Ἀλεξ.

1809 738 1891 801 86
1986 756 2015 800 1
2066 738 2173 799 οὐκ
2201 736 2332 799 ἔστι
2359 735 2496 821 σᾶ,]
2534 733 2736 798 οὖκετί
2763 759 2873 797 σα.

1977 838 2017 906 5
2066 819 2416 905 τάγματος.]
2461 821 2859 902 πραγματίας.

1942 929 2022 974 2ο
2068 905 2341 990 ἅπτεται]
2390 906 2634 970 ἅπτεται
2661 911 2793 969 τοῦ.

1942 1014 2025 1074 24
2069 995 2215 1076 ἔχον
2249 995 2344 1056 καὶ
2373 990 2504 1076 τῆς]
2549 993 2707 1075 ἔχων
2733 995 2869 1071 τῆς.

1941 1082 2022 1146 26
2068 1086 2258 1146 δοκεῖς
2336 1084 2530 1145 δοκεῖς
2554 1077 2688 1157 μέν.

1935 1186 2016 1251 33
2067 1167 2277 1229 οὐκοῦν
2357 1166 2571 1228 οὐκοῦν
2602 1165 2716 1227 καί.

1811 1253 1888 1336 87
1945 1255 2025 1316 16
2067 1257 2192 1314 Τοῦ
2223 1249 2454 1334 αὐτοῦ]
2504 1255 2629 1313 Τοῦ
2658 1256 2773 1331 Χρ.

1943 1357 2026 1418 24
2066 1335 2336 1421 Ταύτην]
2347 1341 2472 1400 Τοῦ
2489 1336 2684 1400 αὐτοῦ.
2706 1338 2870 1400 Ταύ-

2110 1449 2238 1501 την.

1939 1529 2024 1595 30
2070 1511 2103 1571 ὁ
2134 1509 2399 1590 ἀδελφός
2429 1534 2540 1571 σου
2560 1509 2609 1592 ;]
2642 1529 2766 1570 om.

1813 1598 1891 1660 88
1986 1613 2019 1677 7
2071 1591 2290 1679 φόνος]
2338 1591 2552 1675 φόβος.

1986 1682 2022 1744 8
2069 1679 2450 1767 προιεμένης]
2498 1705 2749 1761 προιωμ.

1947 1787 2018 1831 11
2074 1763 2392 1848 ἐξέτιλον]
2443 1765 2756 1844 ἑξέτειλον.

1949 1873 2027 1932 14
2072 1852 2398 1937 ἐπιβραχὺ]
2449 1854 2789 1933 ἐπιβραχεῖ.

1948 1941 2023 2001 16
2069 1938 2349 2021 γίνεται]
2402 1939 2678 2019 κρίνεται.

1901 2072 1903 2075 >
1950 2042 2019 2108 17
2059 2022 2609 2103 καταδικάσθησαν]
2687 2047 2866 2086 κατα-

2115 2109 2486 2188 δικάσθησαν
2517 2108 2631 2172 καί.

1945 2210 2020 2278 27
2069 2201 2195 2259 Τοῦ
2225 2194 2704 2276 Χρυσοστόμου.]
2741 2199 2871 2258 Τοῦ

2116 2307 2313 2344 αυτου.

1814 2369 1895 2452 89
1946 2388 2021 2432 21
2071 2372 2197 2431 Τοῦ
2230 2365 2457 2453 αὐτοῦ]
2488 2370 2614 2429 Τοῦ
2642 2372 2836 2447 Χρυσ.

1814 2475 1899 2539 90
1984 2475 2022 2539 3
2071 2453 2180 2531 τὴν
2209 2456 2412 2516 πίστιν
2458 2450 2653 2538 εἶχεν]
2705 2452 2872 2534 εἶχεν

2113 2540 2221 2618 τὴν
2251 2541 2474 2603 πίστιν.

1985 2646 2028 2705 4
2076 2628 2171 2688 καὶ
2202 2625 2337 2711 τὴν]
2372 2626 2479 2704 τὴν
2509 2625 2626 2688 καὶ.

1984 2732 2024 2797 5
2073 2710 2446 2796 ἀδιάλυτον]
2482 2711 2847 2774 εὐδιάλυτον·

2071 2798 2220 2876 μετὰ
2250 2798 2316 2859 τὸ
2355 2796 2726 2883 πιστεῦσαι,]
2768 2823 2872 2876 με·

2116 2909 2528 2946 ταπιστευσαι.

1989 2972 2026 3030 6
2075 2968 2344 3053 αἰώνιον]
2374 2971 2614 3032 αἰώνιον
2637 2971 2783 3031 κατὰ
2800 2967 2872 3030 τὸ

2120 3056 2430 3136 εἰρημένον
2483 3059 2515 3117 ὁ
2571 3056 2874 3118 πιστεύων

2120 3144 2201 3206 εἰς
2234 3145 2334 3219 ἐμὲ
2369 3142 2497 3224 ἔχει
2529 3141 2702 3218 ζωὴν.

1951 3247 2020 3290 11
2078 3227 2563 3309 ἐνυπάρχουσαν]
2599 3228 2773 3307 ῦπαρ.

1816 3334 1890 3396 91
1952 3334 2026 3394 19
2075 3314 2473 3397 Σημειωτεὸν]
2534 3311 2873 3392 Ἀμμωνίου

2115 3399 2543 3479 πρεσβυτέρου.
2617 3405 2872 3479 Σημειω-

2119 3511 2273 3548 τεον.

1949 3590 2027 3654 29
2073 3569 2462 3657 Ἀμμωνίου]
2496 3577 2618 3634 Τοῦ
2651 3577 2840 3653 Χρυσ.

1945 3676 2027 3741 32
2075 3663 2200 3720 Τοῦ
2232 3660 2438 3743 αὐτοῦ]
2472 3664 2596 3721 Τοῦ
2628 3664 2817 3737 Χρυσ.

1818 3762 1899 3825 92
1951 3762 2027 3804 20
2072 3748 2197 3806 Τοῦ
2226 3746 2707 3827 Χρυσοστόμου.]
2747 3747 2874 3805 Τοῦ

2119 3856 2315 3891 αυτου.

1819 3934 1897 3999 93
1992 3917 2028 3976 6
2080 3917 2423 3999 Ματθαῖον]

2122 4001 2500 4082 εὐαγγέλιον.

1958 4106 2031 4148 12
2076 4093 2200 4150 Τοῦ
2248 4090 2470 4171 αὐτοῦ]
2530 4093 2655 4150 Τοῦ
2701 4087 2872 4167 ἁγίου

2121 4172 2509 4237 Ἀθαιάσίου.

2558 3918 2873 3979 Ματθαῖου

1958 4278 2036 4337 14
2083 4258 2481 4345 θαρσαλέους]
2518 4265 2761 4339 θαρραλ.

1955 4364 2034 4409 20
2083 4345 2313 4432 Πάλιν]
2341 4352 2465 4409 Τοῦ
2487 4348 2658 4426 ἁγίου
2676 4344 2872 4407 ’Ῐωάν-

2125 4457 2229 4493 νου
2261 4438 2364 4495 τοῦ
2394 4439 2581 4512 Χρυσ.

1957 4518 2034 4579 26
2081 4518 2210 4579 Τοῦ
2239 4517 2468 4603 αὐτοῦ]
2503 4523 2606 4580 τοῦ
2637 4522 2748 4597 Χρ.
